@String{jj = {Juan-J. Merelo-Guervós}}

@InProceedings{merelo88,
  author = 	 {J. J. Merelo and J. C. Torres and A. Prieto},
  title = 	 {Algorithms and Structures in Symbolic computing},
  booktitle = 	 {Procs. Mini and Microcomputers and their Applications, MIMI\'{}88},
  year =	 1988,
  editor =	 {Emilio Luque},
  organization = {ISMM}
}

@Article{parallel90,
  author = 	 { I. Garc\'ia; Juan-Juli\'an Merelo-Guerv\'os;  J. D. Bruguera; E. L. Zapata},
  title = 	 { Parallel Quadrant Interlocking Factorization on Hypercube Computer},
  journal = 	 {J. Parallel Computing},
  year = 	 1990,
  volume =	 15,
number = {1--3},
  pages =	 {87-100},
  abstract = {In this article we present an adaptation of the QIF
                  (Quadrant Interlocking Factorization) algorithm,
                  which solves systems of linear equations, for
                  implementation in SIMD hypercube computers with
                  distributed memory. This method is based in the WZ
                  decomposition of the system's matrix. The parallel
                  algorithm developed is general in the sense that
                  there is no restriction imposed on the size of the
                  problem and that it is independent of the dimension
                  of the hypercube. The comparison of this algorithm
                  with the parallel algorithms based on the LU
                  factorization show that the execution time is
                  divided by a factor of two, approximately}, 
   note = {\url{http://dx.doi.org/10.1016/0167-8191(90)90033-6}},
  annote = {Impact Factor: 0.625, references (WOS): 6 (3 self-citations)}
}

@Article{jjproteng,
  author = 	 {M. A. Andrade and P. Chac\'on and Juan-Julián Merelo-Guerv\'os and F. Morán },
  title = 	 {Evaluation of secondary structure of proteins from {UV} circular dichroism spectra},
  journal = 	 {Protein Engineering},
  year = 	 1993,
  volume =	 6,
  number =	 4,
  pages =	 {383-390},
  note = {\url{http://citeseer.nj.nec.com/context/1568427/0}},
  annote = {Impact factor: 2.126 (2002)}
}

@Article{jjprot94,
  author = 	 {Juan-Julián Merelo-Guerv\'os; M. A. Andrade; A. Prieto; F. Morán},
  title = 	 {Proteinotopic feature maps},
  journal = 	 {Neurocomputing},
  year = 	 1994,
  volume =	 6,
  number =	 4,
  pages =	 {443--454},
  note = {Abstract available as \url{http://dx.doi.org/10.1016/0925-2312(94)90021-3}, Citeseer: \url{http://citeseer.ist.psu.edu/context/930688/0} },
annote = {Impact factor: 0.620 (2002)}
}

@Article{ccai94,
  author = 	 {A. Etxeberria; Juan-Julián Merelo-Guerv\'os; A. Moreno},
  title = 	 {Representation of organisms with basic cognitive capacities in artificial worlds},
  journal = 	 {CCAI},
  year = 	 1994,
  volume =	 11,
  number =	 {1--2},
  pages =	 {31--53},
  note ={Abstract available from \url{http://www.mines.u-nancy.fr/\~arc/publications/intellectica/sommaires.html\#num\%E9ro\%2018}}
}


@InProceedings{esann94,
  author = 	 {M. Chiaberge; Juan-Julián Merelo-Guerv\'os; L. M. Reyneri; A. Prieto;
        L. Zocca},
  title = 	 {A Comparison of Neural Networks, Linear
        Controllers, Genetic Algorithms and Simulated Annealing
        for Real Time Control},
  booktitle = 	 {Proceedings of the European
        Symposium on Artificial Neural Networks. Index available from \url{http://www.dice.ucl.ac.be/esann/proceedings/esann1994/content.htm}},
  year =	 1994,
  publisher =	 {D facto (Brussels)},
  pages =	 {205--210},
  note = {Available from \url{http://polimage.polito.it/~marcello/articoli/esann.94.jj.pdf} and a scanned version from \url{http://www.dice.ucl.ac.be/Proceedings/esann/esannpdf/es1994-533-S.pdf}}}

@InProceedings{bmcm94,
  author = 		 {Alvaro Moreno and Juan-Julián Merelo-Guerv\'os and Arantza Etxeberria},
  title = 		 {Perception, Adaptation and Learning},
  booktitle = 	 {Autopoiesis and Perception },
  pages =		 {65-70},
  year =		 1994,
  editor =		 {B. McMullin and N. Murphy},
  organization = {Dublin City University},
 note = {\url{http://citeseer.ist.psu.edu/context/930688/0}. Available online from \url{http://www.eeng.dcu.ie/~alife/bmcm9401/moreno.pdf}}
}

@Book{ECAL95,
  author = 	 {F. Morán; A. Moreno; Juan-Julián Merelo-Guerv\'os; P. Chac\'on},
  title = 	 {Advances in Artificial Life},
  publisher = 	 {Springer-Verlag},
  year = 	 1995,
  volume =	 929,
  series =	 { Lectures Notes in  Artificial Intelligence},
  note = { Available from \url{http://www.amazon.com/exec/obidos/ASIN/3540594965/perltutobyjjmer} and \url{http://www.springeronline.com/sgw/cda/frontpage/0,10735,5-40109-22-1442553-0,00.html}}
}

@InProceedings{bernierIWANN95,
  author = 	 "J. L. Bernier and Juan-Julián Merelo-Guerv\'os and J. Ortega and A. Prieto",
  title = 	 {Test
        Pattern Generation for Analog Circuits Using Neural
        Networks and Evolutive Algorithms},
  booktitle = 	 { From Natural to
        Artificial Neural Computation},
  editor =	 {J. Mira, F.Sandoval},
  number =	 930,
  series =	 { Lecture Notes in Computer Science},
  year =	 1995,
  publisher =	 {Springer Verlag},
  pages =	 {838--844}
}

@InProceedings{glvq95,
  author = 	 "Juan-Julián Merelo-Guerv\'os and A. Prieto",
  title = 	 {{\sc g-lvq}, a combination of genetic algorithms and {\sc lvq}},
  booktitle = 	 {Artificial Neural Nets and Genetic Algorithms},
  editor =	 {D.W.Pearson, N.C.Steele and R.F.Albrecht},
  year =	 1995,
  publisher =	 {Springer-Verlag},
  pages =	 {92--95},
  note = {Available in HTML from \url{http://geneura.ugr.es/g-lvq/g-lvq.html}; Mention in {\tt comp.ai.neural-nets FAQ: \url{http://www.faqs.org/faqs/ai-faq/neural-nets/part7/section-9.html}; citeseer:\url{http://citeseer.nj.nec.com/merelo95design.html}, \url{http://citeseer.nj.nec.com/context/2183764/0}}
}
}


@InProceedings{jj-ppsn96,
  author = 	 "J. L. Bernier and Carlos-Ilia Herr\'aiz and Juan-Julián Merelo-Guerv\'os
                  and S. Olmeda and A. Prieto",
  title = 	 {{Solving {\em {M}aster{M}ind} using {GA}s and simulated
                  annealing: a case of dynamic constraint optimization}},
  booktitle = 	 {Proceedings PPSN, Parallel Problem Solving from
                  Nature IV},
  year =	 1996,
series =        "Lecture Notes in Computer Science",
number = 1141, 
pages = "553--563",
  publisher =	 {Springer-Verlag},
  doi = {10.1007/3-540-61723-X\_1019},
  url = {http://www.springerlink.com/content/78j7430828t2867g}
}

@InProceedings{ALIFEV,
  author = 	 {Carlos-Ilia Herr\'aiz; Juan-Julián Merelo-Guerv\'os; S. Olmeda; A.Prieto},
  title = 	 {An individual-based model that reproduces natural distribution of	species abundance and diversity},
  booktitle = 	 {Artificial Life V},
  year =	 1997,
  publisher =	 {MIT Press},
pages =	 {308--315},
chapter = 38,
note = {\url{http://citeseer.nj.nec.com/231144.html}, available from \url{http://geneura.ugr.es/pub/papers/JJMerelo-ALIFEV.ps.gz}}
}

@Manual{Merelo96GAGS,
  author="J. J. Merelo and A. Prieto and Grupo GeNeura",
  title="GAGS, Genetic Algorithms from Granada, Spain , a fexible object-oriented library for evolutionary computation",
  organization="Department of Electronics and Computer Technology",
  address="Facultad de Ciencias. Campus Fuentenueva, s/n. 18071 Granada (Spain)",
  month="August",
  year=1996,
note={\url{http://citeseer.nj.nec.com/context/140293/0}}}

@InProceedings{i.rojas97,
  author = 	 {I. Rojas and Juan-Julián Merelo-Guerv\'os and H. Pomares and A. Prieto},
  title = 	 {Genetic Algorithms for Optimum Designing of Fuzzy Controllers},
  booktitle = 	 {Proceedings of the 2nd. Int. ICSC Symposium on Fuzzy Logic
     and Applications (ISFL'97)},
  year =	 1997,
  organization = {International Computer Science Conventions},
  publisher =	 {ICSC Academic Press},
  pages =	 {165--170}
}

@InProceedings{MI97,
  author = 	 {Juan-Julián Merelo-Guerv\'os and V. Rivas},
  title = 	 {La universidad: aqui al lado, con internet},
  booktitle = 	 {Libro de ponencias conferencia Mundo Internet, 97},
  year =	 1997,
publisher = {Asociaci\'on de usuarios de internet},
pages = {253--258}
}



@InProceedings{AISB97,
  author = 	 {Juan-Julián Merelo-Guerv\'os; A. Prieto; V. Rivas; J. L. Valderrábano},
  title = 	 {Designing Advertising Strategies using a Genetic Algorithm},
  booktitle = 	 {4th AISB Workshop on Evolutionary Computing},
  series =	 {Lecture Notes in Computer Science},
  year =	 1997,
  publisher =	 {Springer}
}

@InProceedings{IWANN97,
  author = 	 {Juan-Julián Merelo-Guerv\'os and A. Prieto and F. Morán},
  title = 	 {A {GA}-optimized Neural Network for classification of
                  biological particles from electron-microscopy images},
  booktitle = 	 {Proceedings IWANN 97},
  editor =	 {Prieto, Mira, Cabestany},
  series =	 {LNCS},
  number =       1240,
  year =	 1997,
  pages = {1174--1182},
  publisher =	 {Springer-Verlag}
}

@Unpublished{merelo:ecal97,
  author = 	 {Juan-Julián Merelo-Guerv\'os; A. Prieto; V. Rivas; Juan Luis Valderrábano},
  title = 	 {An agent based model for the study of publicity/consumer dynamics },
  note = 	 {Poster accepted at the {ECAL'97} conference; available from \url{http://www.cogs.susx.ac.uk/ecal97/present.html}, Also available as Santa Fe Institute Working-Papers 97-03-018 from \url{http://www.santafe.edu/sfi/publications/Working-Papers/97-03-018.ps}},
  year =	 1997
}


@Manual{breeder,
  title = 	 {Breeder user\'{}s and programmer\'{}s Manual},
  author =	 {J. J. Merelo},
  year =	 1997,
  note =	 {Available from \url{http://info.fysik.dtu.dk/chaos/guides/swarmdocs/swarmlibs/libga.ps}},
  annote =	 {Manual for the Breeder Genetic Algorithm library for the Swarm simulation system}
}

@misc{guervos2010informatica,
  title={Inform{\'a}tica evolutiva},
  author={Merelo-Guerv{\'o}s, Juan-Julián},
  note={En l{\'\i}nea]. \url{http://geneura. ugr. es/\~jmerelo/ie/ags. htm}.[{\'U}ltimo acceso: 2013]}
}

@InProceedings{i.rojas97-ie3,
  author = 	 {I.Rojas and J. J. Merelo and J.L.Bernier and A.Prieto},
  title = 	 {A new approach to fuzzy controller designing and coding  via genetic algorithms},
  booktitle = 	 {Proceedings of 6th IEEE International Conference on Fuzzy Systems},
  year =	 1997,
  pages = {1505--1510},
  month =	 {July},
  note = {Available from \url{http://ieeexplore.ieee.org/iel3/4864/13484/00619766.pdf}}
}


@InBook{merelo:ESNN,
  author = 	 {Juan-Julián Merelo-Guerv\'os and A. Prieto and F. Mor\'{a}n},
  title = 	 {Optimization of classifiers using genetic algorithms},
  editors = {Mukesh J. Patel, Vasant Honavar, Karthik Balakrishnan},
  booktitle = {Advances in the Evolutionary Synthesis of Intelligent Agents},
  chapter = 	 {4},
  publisher = 	 {MIT press},
  year = 	 {2001},
  pages = {91--108},
  note = { ISBN: 0262162016; draft available from \url{http://geneura.ugr.es/pub/papers/g-lvq-book.ps.gz} },
  annote = {cita: http://www3.interscience.wiley.com/cgi-bin/abstract/105559727/REFERENCES}

}

@InBook{gags98,
  author = 	 {Juan-Julián Merelo-Guerv\'os; G. Romero},
  title = 	 {Practical handbook of Genetic Algorithms, vol.3: Complex Coding Systems},
  chapter = 	 {10, Doing {GA}s with {\sc gags}},
  publisher = 	 {CRC press},
  pages = {385--406},
  year = 	 1999,
}

@Article{glvq98,
  author = 	 {Juan-Julián Merelo-Guerv\'os; A. Prieto; F. Mor\'{a}n; R. Marabini; J. M. Carazo},
  title = 	 {Automatic Classification of Biological Particles from Electron-Microscopy Images Using Conventional and Genetic-algorithm Optimized Learning Vector Quantization},
  journal = 	 {Neural Processing Letters},
  year = 	 1998,
  mont = August,
  volume =	 8,
  number = 1,
  pages =	 {55--65},
  note = {Draft available from \url{http://geneura.ugr.es/pub/papers/NPL98.ps.gz}; \url{http://dx.doi.org/10.1023/A:1009617113191} },
  annote = {Impact factor: 0.317}
}

@InProceedings{jj-ppsn98,
  author = 	 "J. G. Peñalver and Juan-Julián Merelo-Guervós",
  title = 	 {Optimizing Web Page Layout using an annealed Genetic Algorithm as client-side script},
  editors ={},
  booktitle = 	 {Proceedings PPSN, Parallel Problem Solving from
                  Nature V},
  year =	 1998,
  pages =        {1018-1027},
series =        "Lecture Notes in Computer Science",
  number = {1967},
  publisher =	 {Springer-Verlag},
  note = {\url{http://www.springerlink.com/link.asp?id=2gqqar9cv3et5nlg}}
}

@Article{merelo98,
  author = 	 {Juan-Julián Merelo-Guerv\'os; A. Prieto; V. Rivas; J. L. Valderr\'{a}bano},
  title = 	 {A neural net-based model for decision making in marketing},
  journal = 	 {Accounting, Management and Information Technologies},
  year = 	 1998,
volume = 8,
pages= {237--253},
note= {\url{http://dx.doi.org/10.1016/S0959-8022(98)00012-5}, 
 available from \url{http://geneura.ugr.es/pub/papers/consumer-AIMC.ps.gz} }
}

@InProceedings{mereloIWANN99,
  author = 	 {Juan-Julián Merelo-Guerv\'os and A. Prieto and V. Rivas and G. Romero and P. Castillo and A. Pascual and J. M. Carazo},
  title = 	 {Improved automatic classification of biological particles from electron-microscopy images using genetic neural nets},
  crossref =	 {IWANN99:2},
  booktitle = {Proceedings IWANN 99},
  pages = {373-382}
}

@InProceedings{jesusIWANN99,
  author = 	 {J. González and Juan-Julián Merelo-Guerv\'os and P. A. Castillo and V. Rivas and G. Romero and A. Prieto},
  title = 	 {Optimized Web Newspaper Layout using Simulated Annealing},
  crossref =	 {IWANN99:2},
  pages = {759-768}
}

@InProceedings{albertoIWANN99,
  author = 	 {A. Pascual and M. Bárcena and Juan-Julián Merelo-Guerv\'os and J. M. Carazo },
  title = 	 {{Application of the Fuzzy {}Kohonen Clustering Network to Biological Macromolecules Images Classification}},
  booktitle = 	 {IWANN99:2},
  crossref =	 {IWANN99:2},
  pages = {331-340}
}

@InProceedings{castilloIWANN99,
  author = 	 {P. A. Castillo and J. Gonz\'{a}lez and Juan-Julián Merelo-Guerv\'os and A. Prieto and V. Rivas and  G. Romero },
  title = 	 {{SA}-{P}rop: Optimization of Multilayer Perceptron Parameters using Simulated Annealing},
  booktitle = {Proceedings IWANN 99},
  crossref =	 {IWANN99:1},
  pages ={661-670},
  note = {\url{http://citeseer.nj.nec.com/castillo98saprop.html}}
}

@proceedings{IWANN99:1,
  editor    = {Jos{\'e} Mira and
               Juan Vincente S{\'a}nchez-Andr{\'e}s},
  title     = {Foundations and Tools for Neural Modeling, International
               Work-Conference on Artificial and Natural Neural Networks,
               IWANN '99, Alicante, Spain, June 2-4, 1999, Proceedings,
               Volume I},
  publisher = {Springer},
  series    = {Lecture Notes in Computer Science},
  volume    = {1606},
  year      = {1999},
  isbn      = {3-540-66069-0},
  bibsource = {DBLP, http://dblp.uni-trier.de}
}

@proceedings{IWANN99:2,
  editor    = {Jos{\'e} Mira and
               Juan Vincente S{\'a}nchez-Andr{\'e}s},
  title     = {Engineering Applications of Bio-Inspired Artificial Neural
               Networks, International Work-Conference on Artificial and
               Natural Neural Networks, IWANN '99, Alicante, Spain, June
               2-4, 1999, Proceedings, Volume II},
  publisher = {Springer},
  series    = {Lecture Notes in Computer Science},
  volume    = {1607},
  year      = {1999},
  bibsource = {DBLP, http://dblp.uni-trier.de}
}

@Article{castilloNC,
author = 	 {P. A. Castillo and Juan-Julián Merelo-Guerv\'os and A. Prieto and V. Rivas and  G. Romero},
  title = 	 {{G-P}rop: Global Optimization of Multilayer Perceptrons using {GA}s},
  journal = 	 {Neurocomputing},
 year = 	 2000,
  volume =	 35,
  issue =        {1--4},
  pages =	 {149--163},
month = {November},
note = {\url{http://dx.doi.org/10.1016/S0925-2312(00)00302-7}, available from \url{http://geneura.ugr.es/pub/papers/castilloNC.ps.gz}},
annote = {Impact factor: 0.620 (2002), 4 citas revistas + 1 cita congreso }
}

@InProceedings{castilloCEC99,
  author = 	 {P. A. Castillo and J. Gonz\'{a}lez and Juan-Julián Merelo-Guerv\'os and A. Prieto and V. Rivas and  G. Romero},
  title = 	 {{G-Prop-II}: Global Optimization of Multilayer Perceptrons using {GA}s},
  booktitle = 	 {Evolutionary Computation, 1999. CEC 99. Proceedings of the 1999 Congress on},
  pages = {2027},
  volume = 3,
  year =	 1999,
  note = {Available from \url{http://ieeexplore.ieee.org/iel5/6342/16970/00785523.pdf}}
}

@InProceedings{castilloGECCO99,
  author = 	 {P. A. Castillo and J. Gonz\'{a}lez and Juan-Julián Merelo-Guerv\'os and A. Prieto and V. Rivas and  G. Romero},
  title = 	 {{G-Prop-III}: Global Optimization of Multilayer Perceptrons using an Evolutionary Algorithm},
  booktitle = 	 {GECCO-99: PROCEEDINGS OF THE GENETIC AND EVOLUTIONARY COMPUTATION CONFERENCE},
  pages = {942},
  year =	 1999,
  note = {Index available from \url{http://www.cs.bham.ac.uk/~wbl/biblio/gecco99lb.bib}}
}

@InProceedings{ECAL99:Kepa,
  author = 	 {K. Ruiz-Mirazo and A. Moreno and F. Mor\'{a}n and J. Peret\'{o} and Juan-Julián Merelo-Guerv\'os},
  title = 	 {Designing a Simulation Model of a Self-Maintaining Cellular System},
  crossref =     {ECAL99},
  pages = {379-388},
  year =	 1999,
}

@Unpublished{eo99,
  author = 	 {Juan-Julián Merelo-Guerv\'os},
  title = 	 {{E}volving {O}bjects},
  note = 	 {Available from \url{http://geneura.ugr.es/\~{j}merelo/EOpaper/}}
}

@InProceedings{genmm99,
  author = 	 {Juan-Julián Merelo-Guerv\'os and J. Carpio and P. Castillo and V. M. Rivas and G. Romero},
  title = 	 {Finding a needle in a haystack using hints and evolutionary computation: the case of {G}enetic {M}astermind},
  booktitle = 	 {Late breaking papers at the GECCO99},
  pages =	 {184--192},
  year =	 1999,
  editor =	 {Scott Brave, Annie S. Wu}
}


@Article{victor99,
  author = 	 {Victor M. Rivas; Juan-Julián Merelo-Guerv\'os; I. Rojas; G. Romero; P.A. Castillo; J. Carpio},
  title = 	 {Evolving 2-Dimensional Fuzzy Systems},
  journal = 	 {Fuzzy Sets and Systems},
  volume = 138,
  issue = 2,
  number = 1,
  pages = {381--398},
  month = {September},
  year = 	 2003,
  note = {Available as \url{http://dx.doi.org/10.1016/S0006-8993(00)02382-9}},
  annote = {Impact factor: 0.550}
}



@InProceedings{EO:FEA2000,
  author = 	 {Juan-Julián Merelo-Guerv\'os and M. G. Arenas and  J. Carpio and P. Castillo and V. M. Rivas and G. Romero and M. Schoenauer}, 
  title = 	 {Evolving objects},
  crossref = {FEA2000},
  pages =        {1083--1086},
}

@InProceedings{Jini:FEA2000,
  author = 	 {J. Atienza and P. A. Castillo and  M. Garc\'{i}a and  J. Gonz\'{a}lez and  J.J. Merelo},
  title = 	 {Jenetic: a distributed, fine-grained, asynchronous evolutionary algorithm using {J}ini},
  crossref = {FEA2000},
  pages =        {1087--1089},
}

@Proceedings{FEA2000,
  title = 	 {FEA2000 (Frontiers in Evolutionary Algorithms)},
  booktitle =    {Proc. JCIS 2000 (Joint Conference on Information Sciences)},
  year = 	 2000,
  editor =	 {P. P. Wang},
  volume =	 {I},
  note =	 {ISBN: 0-9643456-9-2}
}

@Article         {CastilloNPL,
        author = {P.A. Castillo; J. Carpio; Juan-Julián Merelo-Guerv\'os; V. Rivas;
                  G. Romero; A. Prieto},
         title = {Evolving Multilayer Perceptrons},
       journal = {Neural Processing Letters},
       volume = 12,
       issue = 2,
       pages = {115-127},
       month = {October},
       year = 2000,
 note = {\url{http://dx.doi.org/10.1023/A:1009684907680}},
annote = {Impact factor: 0.317}
}

@Article         {PascualUM,
        author = {A. Pascual; M. Bárcena; Juan-Julián Merelo-Guerv\'os; J. M. Carazo},
         title = {Mapping and fuzzy classification of macromolecular images using
    self-organizing neural networks},
       journal = {Ultramicroscopy},
volume = 84,
pages ={ 85--99 },
          year = 2000,
note = {\url{http://dx.doi.org/10.1016/S0304-3991(00)00022-X}},
annote = {Impact factor: 1.772 (2002)}
}

@Article{somcd,
  author = 	 {P. B. D. Unneberg and J. J. Merelo and P. Chac\'{o}n and F. Mor\'{a}n},
  title = 	 {{SOMCD}: a method for evaluating protein secondary structure from {UV} circular spectra},
  journal = 	 {Proteins},
  volume = {42},
  number ={4},
  pages ={460-470},
  year = 	 2001,
 note = {Draft available from \url{http://geneura.ugr.es/pub/papers/somcd.ps.gz}. Demo also available from \url{http://somcd.geneura.org}. Doi \url{10.1002/1097-0134(20010301)42:4<460::AID-PROT50>3.0.CO;2-U}, Abstract: \url{http://www3.interscience.wiley.com/cgi-bin/abstract/76506907/ABSTRACT}},
 annote = {Impact factor: 4.096 (2002)}
}

@InProceedings{Jini:Paralelos,
  author = 	 {M. Garc\'{i}a-Arenas and  J. G. Castellano and  P. A. Castillo and  J. Carpio and  M. Cillero and  Juan-Julián Merelo-Guerv\'os and  A. Prieto and  V. Rivas and  G. Romero},
  title = 	 {Speedup measurements for a distributed evolutionary algorithm that uses {J}ini},
  booktitle = 	 {XI Jornadas de Paralelismo},
  year =	 2000,
  editor =	 {Depto. ATC, Universidad de Granada},
pages = {241-246}
}

@InProceedings{PEO,
  author = 	 {J. G. Castellano and  M. Garc\'{i}a-Arenas and  P. A. Castillo and  J. Carpio and  M. Cillero and  Juan-Julián Merelo-Guerv\'os and  A. Prieto and  V. Rivas and  G. Romero},
  title = 	 {Objetos evolutivos paralelos},
  booktitle = 	 {XI Jornadas de Paralelismo},
  year =	 2000,
  editor =	 { Depto. ATC, Universidad de Granada},
pages = {247-252}
}

@InProceedings{gus-ppsn2000,
  author = 	 {G. Romero and  M. Garc\'{i}a-Arenas and  J. G. Castellano and  P. A. Castillo and  J. Carpio and  Juan-Julián Merelo-Guerv\'os and  A. Prieto and  V. Rivas},
  title = 	 {Evolutionary Computation Visualization: Application to {G-PROP}},
  crossref =	 {PPSN2000},
  pages =	 {902--912},
}

@InProceedings{carazo00,
  author = 	 {A. Pascual and  M. Bárcena and  Juan-Julián Merelo-Guerv\'os and  J.-M. Carazo},
  title = 	 {Self-Organizing Networks for Mapping and Clustering Biological Macromolecules Images },
  booktitle = 	 {Artificial Neural Networks in Medicine and Biology, Proceedings of the ANNIMAB conference},
  year =	 2000,
  series =	 {Perspectives in neural computing},
  pages = {283-288},
  month =	 {May},
  publisher =	 {Springer}
}

@Proceedings{PPSN2000,
  title = 	 {Parallel Problem Solving from Nature - {PPSN VI}},
  year = 	 2000,
  editor =	 {Marc Schoenauer and Kalyanmoy Deb and G\=unter Rudolph and Xin Yao and Evelyne Lutton and Juan Julián Merelo and Hans-Paul Schwefel},
  number =	 1917,
  series =	 {Lecture Notes in Computer Science},
  publisher =	 {Springer},
note = {Available from \url{http://www.springeronline.com/sgw/cda/frontpage/0,10735,5-146-22-2040755-0,00.html} and \url{http://www.amazon.com/exec/obidos/ASIN/3540410562/perltutobyjjmere}},
annote = {Impact factor: 0.515 (2002)}
}

@InProceedings{rivas01:noticias,
  author = 	 {Rivas, V. M. and Juan-Julián Merelo-Guerv\'os and P. A. Castillo and G. Romero},
  title = 	 {Noticias personalizadas: el peri\'odico a la carta},
  booktitle = 	 {Comunicar la Ciencia en el siglo XXI, I Congreso sobre comunicaci\'on social de la ciencia, libro II, comunicaciones, p\'osters },
  year =	 2001,
  editor =	 {Ernesto Páramo Sureda},
  note =	 {ISBN 8493063932}
}


@Proceedings{ECAL99,
  booktitle = 	 {Advances in Artificial Life : 5th European Conference, Ecal'99},
  year = 	 1999,
  editor =	 {D. Floreano and J.-D. Nicoud and F. Mondada},
  number =	 1674,
  series =	 {Lecture Notes in Computer Science},
  publisher =	 {Springer-Verlag}
}


@InProceedings{dream2000,
  author = 	 {B. Paechter. and T. Bäck and M. Schoenauer and M. Sebag and A. E. Eiben and J. J. Merelo and T. C. Fogarty},
  title = 	 {A Distributed Resource Evolutionary Algorithm Machine ({DREAM}) },
  booktitle = 	 {Evolutionary Computation, 2000. Proceedings of the 2000 Congress on},
  pages =	 {951--958},
  year =	 2000,
  volume =	 2,
  organization = {IEEE},
  publisher =	 {IEEE Press},
  note= {Available from \url{http://ieeexplore.ieee.org/iel5/6997/18853/00870746.pdf} }
}

@InProceedings{valderrabano01,
  author = 	 {Juan Luis Valderrábano and Eduardo Madinaveitia and Juan-Julián Merelo-Guerv\'os and P.A. Castillo},
  title = 	 {NOTORIEDAD Y PRESI\'ON PUBLICITARIA: Pueden los nuevos m\'etodos matemáticos ayudarnos a mejorar la eficacia de la publicidad?},
  booktitle = 	 {Ponencias del 96 Seminario. 17º Seminario de Televisi\'on, pp.149-159. AEDEMO. Jerez de la Frontera, 7 al 9 de Febrero},
  year =	 2001
}


@Article{jesus01,
  author = 	  {J. González and I. Rojas and H. Pomares and M. Salmer\'on and A.Prieto and Juan-Julián Merelo-Guerv\'os},
  title = 	 {Optimization of web newspaper layout in real time},
  journal = 	 {Computer Networks},
  year = 	 2001,
  publisher = {Elsevier},
  volume = 36,
  pages = {311-321},
  note = {Available from \url{http://dx.doi.org/10.1016/S1389-1286(01)00158-X}}
}

@Article         {CastilloEAA2001,
        author = {P.A. Castillo and J. M. de la Torre and Juan-Julián Merelo-Guerv\'os and I.
Román},
         title = {{Forecasting business failure. A comparison of neural
networks and logistic regression for the Spanish companies}},
       journal = {Accepted in 24th Annual Congress European Accounting
Association. Athens, 18-20 April},
          year = 2001
}

@InProceedings         {gprop2001,
        author = {P.A. Castillo and M.G. Arenas and J.G. Castellano and M.Cillero and Juan-Julián Merelo-Guerv\'os and A. Prieto and V. Rivas and G. Romero},
         title = {Function Approximation with Evolved Multilayer Perceptrons},
       booktitle = {Advances in Neural Networks and Applications. Artificial Intelligence Series. Nikos E. Mastorakis Editor. ISBN:960-8052-26-2, pp.195-200, Published by World Scientific and Engineering Society Press},
          year = 2001
}

@Article         {CastilloAEPIA2001,
        author = {P.A. Castillo and J.G. Castellano and Juan-Julián Merelo-Guerv\'os and 
A. Prieto},
         title = {{Dise\~no de Redes Neuronales Artificiales Mediante
Algoritmos Evolutivos}},
       journal = {Inteligencia Artificial, Revista Iberoamericana de
Inteligencia Artificial. No.14, pp. 2-32. (ISSN: 1137-3601). (c) AEPIA
(http://aepia.dsic.upv.es/)},
          year = 2001
}


@InProceedings{jenui01,
  author = 		 {Juan-Julián Merelo-Guerv\'os and  P. A. Castillo and  A. Prieto},
  title = 		 {Integraci\'on de una asignatura en Internet: el caso de Dise\~no y Evaluación de
     Configuraciones },
  booktitle = 	 {Actas {JENUI}\'{}01, {VII} Jornadas de Enseñanza Universitaria de
                       la Informática},
  year =		 2001,
  month =		 {July}
}

@InProceedings{victorIWANN01,
  author = 		 {V. Rivas and P. A. Castillo and Juan-Julián Merelo-Guerv\'os },
  title = 		 {Evolving {RBF} Neural Network},
  crossref = 	 {IWANN01},
  pages = {506--513}
}

@InProceedings{gusIWANN01,
  author = 		 {Gustavo Romero and Pedro A. Castillo and Juan-Julián Merelo-Guerv\'os and Alberto Prieto},
  title = 		 {Using {SOM} for Neural Network Visualization},
  crossref = 	 {IWANN01},
  pages = {629--636}
}

@Proceedings{JP2001,
  title = 		 {Actas XII Jornadas de Paralelismo},
  year = 		 2001,
  organization = {{UPV}},
  publisher =	 {Universidad Polit\'{e}cnica de Valencia}
}

@InProceedings{maribel:jp2001,
  author = 		 {M.G. Arenas and L. Foucart and Juan-Julián Merelo-Guerv\'os and P. A. Castillo},
  title = 		 {{JEO}: a Framework for {E}volving {O}bjects in {J}ava},
  pages = {185--191},
  url = {http://geneura.ugr.es/pub/papers/jornadas2001.pdf},
  note = {\url{http://geneura.ugr.es/pub/papers/jornadas2001.pdf}},
  booktitle = 	 {Actas Jornadas de Paralelismo},
  title = 		 {Actas XII Jornadas de Paralelismo},
  year = 		 2001,
  organization = {{UPV}},
  publisher =	 {Universidad Polit\'{e}cnica de Valencia}
}

@InProceedings{javi:jp2001,
  author = 		 {J.G. Castellano and P.A. Castillo and Juan-Julián Merelo-Guerv\'os and  G. Romero},
  title = 		 {Paralelizaci\'{o}n de evolving objects library usando {MPI}},
   pages = {265--270},
  booktitle = 	 {Actas Jornadas de Paralelismo},
  crossref =	 {JP2001}
}

@InProceedings{jj:jp2001,
  author = 		 {Juan-Julián Merelo-Guerv\'os  and J.G. Castellano and P.A. Castillo and  G. Romero},
  title = 		 {Algoritmos Genéticos Distribuidos Usando {SOAP}},
  pages = {99--103},
  booktitle = 	 {Actas Jornadas de Paralelismo},
  crossref =	 {JP2001}
}

@InProceedings{gus:jp2001,
  author = 		 {G. Romero and J.G. Castellano and P.A. Castillo and Juan-Julián Merelo-Guerv\'os},
  title = 		 {Implementación paralela del {SOM} usando {MPI}},
  pages = {253--256},
  booktitle = 	 {Actas Jornadas de Paralelismo},
  crossref =	 {JP2001}
}

@Proceedings{IWANN01,
  title = 		 {Connectionist Models of Neurons, Learning Processes, and Artificial Intelligence},
  year = 		 2001,
  editor =		 {Jos\'{e} Mira and Alberto Prieto},
  number =		 2084,
  series =		 {LNCS},
  publisher =	 {Springer-Verlag},
  note =		 {Proceedings of the 6th International Workshop on Artificial Neural Networks, IWANN 2001, Granada, Spain, June 2001.}
}


@proceedings{DBLP:conf/ae/2001,
  editor    = {Pierre Collet and
               Cyril Fonlupt and
               Jin-Kao Hao and
               Evelyne Lutton and
               Marc Schoenauer},
  title     = {Artificial Evolution, 5th International Conference, Evolution
               Artificielle, EA 2001, Le Creusot, France, October 29-31, 2001,
               Selected Papers},
  booktitle = {Artificial Evolution},
  publisher = {Springer},
  series    = {Lecture Notes in Computer Science},
  volume    = {2310},
  year      = {2002},
  isbn      = {3-540-43544-1},
  bibsource = {DBLP, http://dblp.uni-trier.de}
}


@InProceedings{EOEA01,
  author = {M. Keijzer and Juan-Julián Merelo-Guerv\'os and G. Romero and M. Schoenauer},
  title = {Evolving {O}bjects: a general purpose evolutionary computation library},
  booktitle = {Artificial Evolution, 5th International Conference, Evolution
               Artificielle, EA 2001, Le Creusot, France, October 29-31, 2001,
               Selected Papers},
  pages = {231--244},
  editor    = {Pierre Collet and
               Cyril Fonlupt and
               Jin-Kao Hao and
               Evelyne Lutton and
               Marc Schoenauer},
  publisher = {Springer},
  series    = {Lecture Notes in Computer Science},
  volume    = {2310},
  year      = {2002},
  isbn      = {3-540-43544-1},
  bibsource = {DBLP, http://dblp.uni-trier.de},
  note = {\url{http://citeseer.nj.nec.com/context/2155872/0}, \url{http://www.springerlink.com/link.asp?id=qpc0fdxgt3523m4r}}
}


@InProceedings{FuzzyEA01,
  author = 		 {Jorge Casillas and Oscar Cord\'on and Francisco Herrera and and Juan J. Merelo},
  title = 		 {Cooperative Coevolution for Learning Fuzzy Rule-Based Systems},
 pages = {311-322},
crossref = {EA01}, 
note = {\url{http://www.springerlink.com/link.asp?id=glcmel9r5u36j4b2}}

}

@InProceedings{SOAP-AEB02,
  author = 		 {Merelo and Castellano and Castillo},
  title = 		 {Algoritmos Evolutivos {P2P} usando {SOAP}},
  pages = {31-37},
crossref = {aeb02}
}

@InProceedings{JEO-AEB02,
  author = 		 {Arenas and Foucart and Schoenauer and Merelo},
  title = 		 {Computación Evolutiva en {J}ava: {JEO}},
  pages = {46--53},
crossref = {aeb02}
}

@InProceedings{OPEAL-AEB02,
  author = 		 {Juan-Julián Merelo-Guerv\'os},
  title = 		 {{OPEAL}, una librería de algoritmos evolutivos en {P}erl},
  pages = {54--59},
crossref = {aeb02}
}

@InProceedings{Unreal-AEB02,
  author = 		 {R. Montoya and A. Mora and Juan-Julián Merelo-Guerv\'os},
  title = 		 {Evolución Nativa de personajes de juegos de ordenador},
  pages = {212--219},
crossref = {aeb02}
}


@InProceedings{Intrones-AEB02,
  author = 		 {J. G. Castellano and P. A. Castillo and  Juan-Julián Merelo-Guerv\'os and A. Prieto and V. Rivas and G. Romero},
  title = 		 {Desechar o reciclar: el papel de los operadores de variación de la longitud del cromosoma dentro de los Algoritmos Genéticos},
  pages = {233--240},
crossref = {aeb02}
}

@InProceedings{vitor-AEB02,
  author = 		 { V. Ramos and J. J.  Merelo},
  title = 		 {Self-Organized Stigmergic Document Maps: Environment as a mechanism for context learning},
  pages = {284--293},
crossref = {aeb02},
note={\url{http://citeseer.nj.nec.com/ramos02selforganized.html}}
}

@InProceedings{baldwin-AEB02,
  author = 		 { P. Castillo and M. G. Arenas and J. G. Castellano and J. J. Merelo and A. Prieto and Rivas and Romero},
  title = 		 {Lamarckian Evolution and the {B}aldwin effect in evolutionary neural networks},
  pages = {284--293},
  note = {Also available as \url{http://arxiv.org/abs/cs/0603004}},
crossref = {aeb02}
}


@Article{rones,
  author = 		 {J. Quesada and Juan-Julián Merelo-Guerv\'os and M. J. Oliveras and J. González and M. Olalla and R. Blanca and M. C. López-Martínez},
  title = 		 {Application of Artificial Aging Techniques to samples of rum and comparison with traditionally aged rums by analysis with artificial neural nets},
  journal = 	 {Journal of Agricultural and Food Chemistry},
  volume = 50,
  number = 6,
  pages=  {1470--1477},
  year =  {2002},
  note= {\url{http://dx.doi.org/10.1021/jf010889i}},
  annote = {Impact factor: 1.915 (2002)}
}


@Article{jesus02,
  author = 		 {J. González and I. Rojas and H. Pomares and M. Salmerón and Juan-Julián Merelo-Guerv\'os},
  title = 		 {Web newspaper layout optimization using {S}imulated {A}nnealing},
  journal = 	 {{IEEE} Transactions on System, Man and Cybernetics B},
month = {October},
pages= {686-690},
volume ={32},
number={5},
  year = 		 2002,
note = {Available from \url{http://ieeexplore.ieee.org/iel5/3477/22189/01033189.pdf}},
annote = {Impact Factor: 0.630}
}

@InProceedings{pufo2002,
  author = 		 {I. Román and J. M. de la Torre and P.A. Castillo and  Juan-Julián Merelo-Guerv\'os},
  title = 		 {Sectorial analysis of insolvency risk prediction using neural networks. Application to spanish firms. },
  booktitle = 	 {25th Annual Congress. European Accounting Association; 25-27 April 2002, Copenhagen- Denmark},
  year =		 2002
}

@Proceedings{EA01,
  title = {Proceedings Evolution Artificielle \'{}01, Le Creusot, France},
  editors = {Collet, P. and   Fonlupt, C. and   Hao, J.-K. and   Lutton, E. and   Schoenauer},
  year =		 2002,
  series = {Lecture Notes in Computer Science, LNCS},
  number = {2310},
  key = {EA01},
  publisher =	 {Springer-Verlag}
}


@Article{dolin02:gp,
  author = 	 {Brad Dolin and J. J. Merelo },
  title = 	 {Resource Review: A Web-Based Tour of Genetic Programming},
  journal = 	 {Genetic Programming and Evolvable Machines},
  year = 	 2002,
  volume =	 3,
  number =	 3,
  pages =	 {311-313},
  month =	 {September},
  note =	 {\url{http://dx.doi.org/10.1023/A:1020167426088}}
}

@Proceedings{aeb02,
  title = {Actas primer congreso español algoritmos evolutivos, AEB\'{}02},
  year =		 2002,
  month =		 {Febrero},
  key = {AEB02},
  publisher =	 {Universidad de Extremadura},
editor =  {E. Alba and  F. Fernández and  J. A. Gómez and  F. Herrera and  J. I. Hidalgo and  Juan-Julián Merelo-Guerv\'os and  J. M. Sánchez}
}

@Book{perl,
  author =		 {Peter Wainwright and Aldo Calpini and Arthur Corliss and Simon Cozens and Shelley Powers and JJ Merelo-Guerv\'os and Aalhad Saraf and Chris Nandor},
  title = 		 {Professional {P}erl Programming},
  publisher = 	 {Wrox Press Inc},
  year = 		 2001,
  note = {Available from \url{http://www.amazon.com/exec/obidos/ASIN/1861004494/perltutobyjjmere} or \url{http://www.amazon.co.uk/exec/obidos/ASIN/1861004494/severawebsite-21}}
}

@Article{ieeeanova2002,
  author = 		 {P.A. Castillo and Juan-Julián Merelo-Guerv\'os and A. Prieto and I. Rojas and G. Romero},
  title = 		 {Statistical analysis of the parameters of a neuro-genetic algorithm},
  journal = 	 {{IEEE} Transactions on Neural Networks},
  year = 		 2002,
  month = {November},
  volume = 13,
  number = 6,
  pages = {1374--1394},
  note =		 {Available from \url{http://ieeexplore.ieee.org/iel5/72/22620/01058074.pdf}},
  annote = {Impact factor 1.404}
}



@Article{rojas02:anova,
  author = 	 {I. Rojas and J. Gonzalez and H. Pomares and J. J. Merelo and P. A. Castillo and G. Romero},
  title = 	 {Statistical analysis of the main parameters involved in the design of a genetic algorithm},
  journal = 	 {{IEEE} Transactions on Systems, Man and Cybernetics Part C Applications and Reviews},
  year = 	 2002,
  keywords= {ANalysis Of the VAriance (ANOVA); genetic algorithm (GA); statistical analysis},
  volume =	 32,
  number =	 1,
  page =	 {31--37},
  month =	 {February},
  note = {Available from \url{http://ieeexplore.ieee.org/iel5/5326/21752/01009128.pdf}},
annote = {Impact factor: 0.288}
}

@InProceedings{jeo-gecco2002,
  author = 		 {M. G. Arenas and B. Dolin and Juan-Julián Merelo-Guerv\'os and P. A. Castillo and I. Fernández de Viana and M. Schoenauer },
  title = 		 {{JEO}: {J}ava {E}volving {O}bjects},
  booktitle = 	 {Poster Accepted at GECCO 2002},
  editor = {W. B. Langdon and E. Cantú-Paz and K. Mathias and R. Roy and D. Davis and R. Poli and K. Balakrishnan and V. Honavar and G. Rudolph and J. Wegener and L. Bull and M. A. Potter and A. C. Schultz and J. F. Miller and E. Burke and N. Jonoska.},
  pages = {991},
  year =		 2002,
  annote =		 {Available from \url{http://geneura.ugr.es/pub/papers/MPP104.ps.gz}, \url{http://citeseer.nj.nec.com/context/2198210/0} }
}



@InProceedings{milone2002,
  author = 		 {Diego H. Milone and Juan J. Merelo and H. L. Rufiner},
  title = 		 {Evolutionary Algorithm for Speech Segmentation},
  booktitle = 	 {Proceedings Evolutionary Computation 2002},
  year =		 2002,
  note =		 {Available from \url{http://geneura.ugr.es/pub/papers/eassR0-11.zip} and \url{http://ieeexplore.ieee.org/iel5/7875/21687/01004399.pdf} },
  volume = 2,
  pages = {1115--1120}
}


@InProceedings{ LNCS2439:ID186:pp142,
		  author = 	 { Brad Dolin and M.G. Arenas and Juan-Julián Merelo-Guerv\'os},
		    title = 	 {Opposites Attract: Complementary Phenotype Selection for Crossover in Genetic Programming},
		      booktitle = 	 {Parallel Problem Solving from Nature - PPSN VII, 7th International Conference, Granada, Spain, September 7-11, 2002. Proceedings },
		      pages = 	 { 142 ff.},
crossref= {ppsn2002},
  note = 	 {Keywords: Technique::Advanced techniques - miscellaneous, Technique::Evolutionary computing - general, Technique::Evolutionary computing - miscellaneous, Technique::Genetic programming - general, Technique::Selection, 
available from \url{http://link.springer.de/link/service/series/0558/papers/2439/243900142.pdf}, \url{http://www.springerlink.com/link.asp?id=bnwaq1hgxl0ue2ua} },
  abstract = {Standard crossover in genetic programming (GP) selects two parents independently, based on fitness, and swaps randomly chosen portions of genetic material (subtrees). The mechanism by which the crossover operator achieves success in GP, and even whether crossover does in fact exhibit relative success compared to other operators such as mutation, is anything but clear [14]. An intuitive explanation for successful crossover would be that the operator produces fit offspring by combining the ?strengths? of each parent. However, standard selection schemes choose each parent independently of  the other, and with regard to overall fitness rather than more specific phenotypic traits. We present an algorithm for choosing parents which have complementary performance on a set of fitness cases, with an eye toward enabling the crossover operator to produce offspring which combine the distinct strengths of each parent. We test Complementary Phenotype Selection in three genetic programming domains: Boolean 6-Multiplexer, Intertwined Spirals Classification, and Sunspot Prediction. We demonstrate significant performance gains over the control methods in all of them and present an analysis of these results.}
}

@InProceedings{ LNCS2439:ID196:pp442,
		  author = 	 { G. Romero and Juan-Julián Merelo-Guerv\'os and P.A. Castillo and J.G. Castellano and M.G. Arenas},
		    title = 	 {Genetic algorithm visualization using {S}elf-{O}rganizing {Ma}ps},
		      booktitle = 	 {Parallel Problem Solving from Nature - PPSN VII, 7th International Conference, Granada, Spain, September 7-11, 2002. Proceedings },
		      pages = 	 { 442 ff.},
crossref= {ppsn2002},
  note = 	 {Keywords: Activities::Data Mining,
                  Implementation::GUI-Visualisation,
                  Technique::Evolutionary computing - general,
                  Technique::Multi-objective, available from
                  \url{http://link.springer.de/link/service/series/0558/papers/2439/243900442.pdf}
\url{http://www.springerlink.com/link.asp?id=1nlbyvd44kptm3ur} },  
  abstract = {This paper shows an overview of evolutionary computation visualization and describes the application of visualization to some well known multidimensional problems usually resolved throw this kind of algorithms. Self-Organizing maps are used for multidimensional scaling.}
}

@InProceedings{ LNCS2439:ID189:pp505,
		  author = 	 {V.M. Rivas and P.A. Castillo and Juan-Julián Merelo-Guerv\'os },
		    title = 	 {Evolved {RBF} Networks for Time-Series Forecasting and Function Approximation},
		      booktitle = 	 {Parallel Problem Solving from Nature - PPSN VII, 7th International Conference, Granada, Spain, September 7-11, 2002. Proceedings },
		      pages = 	 { 505 ff.},
crossref= {ppsn2002},
  note = 	 {Keywords: Activities::Pattern recognition and
                  classification/datamining,
                  Activities::Prediction/forecasting, Related::Neural
                  Networks, Technique::Evolutionary computing -
                  general, 
available from \url{http://link.springer.de/link/service/series/0558/papers/2439/243900505.pdf}, 
\url{http://www.springerlink.com/link.asp?id=0llp8pg0uj8lewkd} },
  abstract = {An evolutionary algorithm with specific operators has been developed to automatically find Radial basis Functions Neural Networks that solve a given problem. The evolutionay algorithm optimizes all the parameters related to the neural network architecture, i.e., number of hidden neurons and their configuration. A set of parameters to run the algorithm is found and tested against a set of different problems about Time-series forecasting and function approximation. Results obtained are compared with those yielded by similar methods}
}

@InProceedings{ppsn02:soap,
		  author = 	 { P.A. Castillo and M.G. Arenas and J.G. Castellano and Juan-Julián Merelo-Guerv\'os and V.M. Rivas and G. Romero },
		    title = 	 {Optimisation of Multilayer Perceptrons Using a Distributed Evolutionary Algorithm with {SOAP}},
		      booktitle = 	 {Parallel Problem Solving from Nature - PPSN VII, 7th International Conference, Granada, Spain, September 7-11, 2002. Proceedings },
		      pages = 	 { 676--688},
crossref= {ppsn2002},
  note = 	 {Keywords: Activities::Pattern recognition and
                  classification/datamining,
                  Implementation::Hybridization,
                  Implementation::Parallel EAs, Related::Neural
                  Networks, available from \url{http://link.springer.de/link/service/series/0558/papers/2439/243900676.pdf},  \url{http://www.springerlink.com/link.asp?id=4tf12ucu3t71jjuy} },
  abstract = {{SOAP} (simple object access protocol) is a protocol that allows the access to remote objects independently of the computer architecture and the language. 
A client using {SOAP} can send or receive objects, or access remote object methods. 
Unlike other remote procedure call methods, like XML-RPC or RMI, {SOAP} can use many different transport types (for instance, it could be called as a CGI or as sockets).

In this paper an approach to evolutionary distributed optimization of multilayer perceptrons (MLP) using {SOAP} and language {P}erl has been done. 

Obtained results show that the parallel version of the developed programs obtain similar or better results using much less time than the sequential version, obtaining a good speedup. 
Also can be shown that obtained results are better than those obtained by other authors using different methods.}
}

@InProceedings{ LNCS2439:ID197:pp665,
		  author = 	 { M.G. Arenas and Pierre Collet and
                  A.E. Eiben and M\'ark Jelasity and J. J. Merelo and
                  Ben Paechter and Mike Preu\ss and Marc Schoenauer}, 
		    title = 	 {A Framework for Distributed Evolutionary Algorithms},
crossref={ppsn2002},
  annote = 	 {Keywords: Implementation::Parallel EAs,
                  Related::Simulated Adaptive Behavior,
                  Technique::Advanced techniques - miscellaneous,
                  Technique::Evolutionary computing - general,
                  Technique::Evolutionary computing - miscellaneous},
annote ={CiteSeer context: \url{http://citeseer.nj.nec.com/context/2189070/0}, 
available from \url{http://link.springer.de/link/service/series/0558/papers/2439/243900665.pdf}, Metapress URL: \url{http://www.springerlink.com/link.asp?id=h4n29kbl69jvab4c} },
url = {http://www.springerlink.com/link.asp?id=h4n29kbl69jvab4c},
pages = {665--675},
  abstract = {his paper describes the recently released DREAM
  (Distributed Resource Evolutionary Algorithm Machine) framework for
  the automatic distribution of evolutionary algorithm (EA) processing
  through a virtual machine built from large numbers of individual
  machines linked by  standard Internet protocols. The
  framework allows five different user entry points which depend on
  the knowledge and requirements of the user. At the highest level,
  users may specify and run distributed EAs simply by manipulating
  graphical displays. At the lowest level the framework turns becomes a
  P2P (Peer to Peer)  mobile agent system, that may be used for
  the automatic distribution of a class of processes including, but
  not limited to, EAs.}
}

@InProceedings{ecperl,
  author = 	 {J. J. Merelo},
  title = 	 {Evolutionary Computation in {P}erl},
  booktitle = 	 {{YAPC}::{E}urope::2002},
  pages =	 {2-22},
  year =	 2002,
  editor =	 {M\"unich {P}erl Mongers}
}

@Misc{hispalinux2002,
  author =	 jj,
  title =	 {Algoritmos evolutivos en {P}erl},
  howpublished = {Ponencia presentada en el V Congreso Hispalinux, disponible en \url{http://congreso.hispalinux.es/ponencias/merelo/ae-hispalinux2002.html}},
  month =	 {Noviembre},
  year =	 2002,
url = {\url{http://es.tldp.org/Presentaciones/200211hispalinux/merelo/ae-hispalinux2002.html}}
}

@InProceedings{bernier02,
  author = 	 {J.L. Bernier  and M. Barchein  and A. Cañas  and C. G\'omez-Valenzuela  and Juan-Julián Merelo-Guerv\'os},
  title = 	 {The services a university website should offer},
  booktitle = 	 {Int. Conference on ICT's in Education.Information Society and Education: Monitoring a Revolution. },
  pages =	 {1746--1750},
  year =	 2002,
  number =	 {9, tome {III}},
  series =	 {Sociedad de la Educaci\'on},
  note =	 {ISBN: 84-95251-79-5}
}

@InProceedings{maeb03:yahoo,
  author = 	 {Juan-David Fernández-Garrido and Juan-Miguel Rodríguez-Fernández and Juan Julián Merelo-Guervós},
  title = 	 {{Algoritmos genéticos aplicados a la Liga Fantástica Yahoo}},
  crossref =	 {maeb03},
  booktitle = 	 {MAEB03, Segundo Congreso Español sobre Metaheurísticas, Algoritmos Evolutivos y Bioinspirados}
 
}

@InProceedings{maeb03:xslt,
  author = 	 {Daniel Merino and Néstor Zorzano and Maribel García-Arenas and Juan Julián Merelo-Guervós},
  title = 	 {Generación de hojas de estilo {XSLT} mediante programación genética},
  crossref =	 {maeb03},
  booktitle = 	 {MAEB03, Segundo Congreso Español sobre Metaheurísticas, Algoritmos Evolutivos y Bioinspirados},
  pages = {429-436}
}

@InProceedings{maeb03:maribel,
  author = 	 {M.G. Arenas and P.A. Castillo and G. Romero and Juan Julián Merelo-Guervós },
  title = 	 {Distribución de Información en Algoritmos Evolutivos {P2P}},
  crossref =	 {maeb03},
  booktitle = 	 {MAEB03, Segundo Congreso Español sobre Metaheurísticas, Algoritmos Evolutivos y Bioinspirados},
  pages = {85--92}
}

@InProceedings{maeb03:ppsn,
  author = 	 {Juan-Julián Merelo-Guervós and Francisco-Javier García-Castellano and P.A. Castillo and M.G. Arenas}, 
  title = 	 {How {E}volutionary {C}omputation and {P}erl saved my conference},
  crossref =	 {maeb03},
  booktitle = 	 {MAEB03, Segundo Congreso Español sobre Metaheurísticas, Algoritmos Evolutivos y Bioinspirados},
  pages = {93--99}
}


@Proceedings{ppsn2002,
  title = 	 {Parallel Problem Solving from Nature - PPSN VII, 7th International Conference, Granada, Spain, September 7-11, 2002. Proceedings},
  year = 	 2002,
  key =		 {PPSN2002},
  editor =	 {J.-J. Merelo Guerv\'os and P. Adamidis and H.-G. Beyer and J.-L. Fernández-Villacañas and H.-P. Schwefel},
  number =	 2439,
  series =	 {Lecture Notes in Computer Science,LNCS},
  month =	 {September},
  publisher =	 {Springer-Verlag},
 annote={Available from \url{http://www.amazon.com/exec/obidos/ASIN/3540441395/perltutobyjjmere} and \url{http://www.springeronline.com/sgw/cda/frontpage/0,10735,5-40109-22-2240086-0,00.html}}
}

@Proceedings{maeb03,
  title = 	 {MAEB03, Segundo Congreso Español sobre Metaheurísticas, Algoritmos Evolutivos y Bioinspirados},
  year = 	 2003,
  key = {MAEB03},
  editor =	 {Luciano Sánchez},
  month =	 {Febrero}
}

@InProceedings{blogs2,
  author = 	 {Juan Julián Merelo and Fernando Tricas and Víctor Ruiz},
  title = 	 {Measuring the Spanish Blogosphere },
  booktitle = 	 {Proceedings of Towards New Media Paradigms (COST A20 Conference), Pamplona, Spain, 27-28 June},
  year =	 2003,
  note =	 {Available from \url{http://geneura.ugr.es/\~jmerelo/atalaya/newmedia/}}
}



@InProceedings{blogs1,
  author = 	 {Fernando Tricas and Juan J. Merelo and Víctor R. Ruíz},
  title = 	 {Do we live in a Small World? {M}easuring the {S}panish-speaking blogosphere },
  booktitle = 	 {Blogtalks, Proceedings of BlogTalk A European Conference on Weblogs, Viena, Austria, May 23-24, 2003},
 editor = {Thomas {N}\. Burg},
  year =	 2003,
  month =	 {May},
  pages = {158-173},
note = {Available from \url{http://www.blogalia.com/pdf/20030506blogtalk.pdf}},
isbn = {3-901806-99-7}
}


@InProceedings{rateb03a,
  author = 	 {Rateb, F. and Pavard, B. and Bellamine-BenSaoud, N. and Merelo, J. J. and Arenas, M.G.},
  title = 	 { The impact of education on healthcare: a malaria agent-based simulation},
  booktitle = 	 {Proceedings European Simulation and Modelling (ESMc) 2003},
  year =	 2003
}


@InProceedings{rateb04,
  author = 	 {F. Rateb and B. Pavard and J. J. Merelo-Guervós and N. Bellamine-BenSaoud and M. I. García Arenas},
  title = 	 {Modelling Malaria with Multi-Agent Systems},
  booktitle = 	 {Proceedings 4th International ICSC Symposium on Engineering of Intelligent Systems, University of Madeira Funchal, Portugal, Feb 29th-March 2, 2004},
  pages =	 152,
  year =	 2004,
  note =	 {Only the abstract published in proceedings, full paper in the CD-proceedings}
}

@InProceedings{wsc03,
author = { P.A. Castillo and M.G. Arenas and  J. J. Merelo and A. Prieto and G. Romero},
title = {Artificial neural networks design using evolutionary algorithms},
editors = {J. M. Benitez, O. Cordon, F. Hoffmann, R. Roy}, 
booktitle = {Advances in Soft Computing - Engineering, Design and Manufacturing. Proceedings of WSC7. Springer},
pages= {43--52},
ISBN = {1-85233-755-9},
year = {2003}
} 

@InProceedings{roman03,
author={ I. Román and J. M. de la Torre and M.E. Gómez and P.A.Castillo and J. J. Merelo},
title = {{Bankruptcy Prediction adapted to firm characteristics. An empirical study}},
booktitle = {26th Annual Congress European Accounting Association. Sevilla},
month= {April},
year = 2003
}

@InProceedings{iwann03-pedro,
author={P.A.Castillo and M.G.Arenas and J. J. Merelo and G.Romero},
title={Cooperative Co-evolution of Multilayer Perceptrons},
crossref={iwann03},
pages={358--365},
note={\url{http://www.springerlink.com/link.asp?id=0rhe8pe5c9mmxah0}}
}

@InProceedings{iwann03-vieira,
author={A.Vieira and P.A.Castillo and J. J. Merelo},
title={Application of {HLVQ} and {G-Prop} Neural Networks to the Problem of Bankruptcy Prediction},
crossref={iwann03},
pages={655--662},
note={\url{http://www.springerlink.com/link.asp?id=2gqqar9cv3et5nlg}}
}

@InProceedings{iwann03-gus,
author={G.Romero and M.G.Arenas and P.A.Castillo and J. J. Merelo},
title={Visualization of Neural Network Evolution},
crossref={iwann03},
pages={534--541},
note={\url{http://www.springerlink.com/link.asp?id=0rhe8pe5c9mmxah0}}
}

@InProceedings{iwann03-jj,
author={J. J. Merelo and P. A. Castillo and M. G. Arenas and G. Romero},
title={Specifying Evolutionary Algorithms in {XML}},
crossref={iwann03},
pages={503--509},
note={\url{http://www.springerlink.com/link.asp?id=v6j34778lx0y43m0}}
}

@Proceedings{iwann03,
  booktitle = {Proceedings IWANN 2003},
  title = 	 {7th International Work-Conference on Artificial and Natural Neural Networks, IWANN 2003},
  year = 	 2003,
  key =		 {IWANN 2003},
  editor =	 {Mira, J. and Álvarez, J.R.},
  number =	 {2686--2687},
  series =	 {Lecture Notes in Computer Science,LNCS},
  month =	 {June},
  publisher =	 {Springer-Verlag}
}

@Article{rivas03:EvRBF,
  author = 	 {V.M. Rivas and J. J. Merelo and P.A. Castillo and M.G. Arenas and J.G. Castellano},
  title = 	 {Evolving {RBF} Neural Networks for Time-Series Forecasting with {EvRBF}},
  journal = 	 {Information Sciences},
  year = 	 2004,
month={October},
 volume = 165,
number= {3--4},
pages={207--220},
  note =	 {\url{http://dx.doi.org/10.1016/j.ins.2003.09.025}}, 
  annote = {Impact factor: 0.361},
  
}

@InProceedings{CastilloMAEB04,  
author =       {P.A. Castillo and M.G. Arenas and G. Romero and Juan Julian Merelo and F. Rateb and A. Prieto},  
title =        {Comparación de sistemas híbridos para diseño y optimización de {RNA}},
crossref = {maeb04},
pages = {350--356},
year     = 2004
}

@inproceedings{jeomaeb04,  
author =       {M. G. Arenas and P. A. Castillo and J. J. Merelo and F. Rateb and V. Rivas, G. Romero},  
title =        {Un nuevo enfoque evolutivo: {S}istema {Multi-ACU}},  
YEAR =         {2004},  
crossref = {maeb04},
pages= {396--403} }

@inproceedings{gusaeb04,
title =        {Visualización de Robustez en un Algoritmo Evolutivo   },
author =       { G. Romero and M.G. Arenas and P.A. Castillo and J. J. Merelo and V.M. Rivas},
year= {2004},
crossref = {maeb04},
pages={601--608}
}

@inproceedings{juanaeb04,
title =        {Generacion De Hojas De Estilo {XSLT} Mediante Programacion Genetica A Partir De Fuentes Multidocumento},
author =       {Juan López-Rubio Fernández and Juan J. Merelo Guervós},
year= {2004},
booktitle={Actas de la conferencia MAEB04},
crossref = {maeb04},
pages={535--541}}

@inproceedings{vicaeb04,
title =        {{Evolución de {RNFBR} mediante el algoritmo {EvRBF} para tareas
de Clasificación}   },
author =       {V.M. Rivas and M.G. Arenas and P.A. Castillo and J. J. Merelo
and A. Prieto and G. Romero},
year= {2004},
crossref = {maeb04},
pages={570--577}}

@inproceedings{wbc2004,
  author = 	 {Juan J. Merelo-Guervós and Beatriz Prieto and Alberto Prieto and Gustavo Romero and Pedro Castillo-Valdivieso and Fernando Tricas},
  title = 	 {Clustering web-based communities using self-organizing maps},
  crossref = {WBC04},
  pages =        {158­-165},
  note =	 {Available from \url{http://geneura.ugr.es/\~jmerelo/papers/72.pdf}}
}

@inproceedings{powerlaw:wbc2004,
  author = 	 {Fernando Tricas and Juan J. Merelo},
  title = 	 {The {S}panish-speaking Blogosphere: Towards the power law?},
  crossref = {WBC04},
  pages =        {430--433},
  note =	 {Available from \url{http://webdiis.unizar.es/\~ftricas/Articulos/tricasMereloWBC2004.pdf}}
}

@inproceedings{bernier:wbc2004,
  author = 	 {Eduardo Ros-Vidal and José L. Bernier and Javier Nievas and Mario Bárchein and Juan J. Merelo },
  title = 	 {Telemonitoring vascular patients after surgical interventions using a website},
  crossref = {WBC04},
  pages = {446--450}
}

@Unpublished{weblogs2003-arxiv,
  author = 	 {Juan-J. Merelo-Guervos and Beatriz Prieto and Fatima Rateb and Fernando Tricas},
  title = 	 {Mapping weblog communities},
  note = 	 {Preprint Available from \url{http://arxiv.org/abs/cs/0312047}},
  month =	 {December},
  year =	 2003
}

@InProceedings{castillo04:eurogp2004,
  author = 	 {P.A. Castillo and M.G. Arenas and J. J. Merelo and G. Romero  and F. Rateb and A. Prieto},
  title = 	 {Comparing hybrid systems to design and optimizing {ANN}s},
  booktitle = 	 {Genetic Programming, Proceedings EuroGP, 7th European Conference, Coimbra, Portugal, April 2004},
  year =	 2004,
  editor =	 {Maarten Keijzer and Una-May O'Reilly and Simon M. Lucas and Ernesto Costa and Terence Soule},
  publisher =	 {Springer Verlag},
  pages = {240--249},
  series = {LNCS},
  number = {3003}
}

@Proceedings{maeb04,
  title = 	 {MAEB04, Tercer Congreso Español sobre Metaheurísticas, Algoritmos Evolutivos y Bioinspirados},
  year = 	 2004,
  key = {maeb04},
  editor =	 {César Hervás and N. García and F. J. Martínez and D. Ortiz and S. Ventura},
  month =	 {Febrero},
 isbn = {84-688-4224-9}
}


@Proceedings{WBC04,
  booktitle = 	 {Web Based Communities 2004, Proceedings of the IADIS International Conference, Lisbon, Portugal, 24-26 March 2004},
  title = 	 {Web Based Communities 2004},
  year = 	 2004,
  key = {WBC04},
  editor =	 {Piet Kommers and Pedro Isaías and Miguel Baptista Nunes},
  publisher =	 {IADIS}
}

@InProceedings{blogtalk2:jj,
  author = 	 {Merelo, Juan J. and Prieto, Beatriz and Tricas, Fernando},
  title = 	 {Blogosphere community formation, structure and visualization},
  pages = {23--37},
  note =	 {Conf. Program available from http://blogtalk.net/program.html },
  crossref = {blogtalk2}

}

@InProceedings{blogtalk2:fernando,
  author = 	 {Merelo, Juan J. and Orihuela, Jose L. and Tricas, Fernando and Ruiz, Victor},
  title = 	 {Revisiting the Spanish blogosphere},
  pages = {339--352},
  crossref = {blogtalk2}
 
 
}

@Proceedings{blogtalk2,
  title = {Blogtalk 2.0 Proceedings},
  booktitle = {Blogtalk 2.0 Proceedings},
  key = {blogtalk2},
  year =	 2005,
  editor =	 {Thomas Burg},
  month =	 {February},
  isbn = {3901806741},
  note =	 {Conf. Program available from http://blogtalk.net/program.html }
}

@InProceedings{iadate2004,
  author = 	 {Juan J. Merelo Guervós and Fernando Tricas},
  title = 	 {Weblogging in computer science classes},
  booktitle = 	 {Innovation, Technology and Research in Education, International Conference on Education, IADAT-e2004},
  pages =	 {302--307},
  year =	 2004,
  editor =	 {Juan Ignacio Larrauri},
  organization = {IADAT},
  note =	 {Also available from \url{http://geneura.ugr.es/~jmerelo/presentaciones/IADATe/weblogging-computer-science.pdf}}
}


@InProceedings{merelo:ppsn2004,
  author = 	 {Juan Julián Merelo-Guervós and Pedro Castillo-Valdivieso},
  title = 	 {Conference Paper Assignment Using a Combined Greedy/Evolutionary Algorithm},
  booktitle = 	 {Parallel Problem Solving from Nature -- PPSN VIII},
  crossref =	 {ppsn2004},
  pages =	 {602-611}
}

@Proceedings{ppsn2004,
  title = 	 {Parallel Problem Solving from Nature - PPSN VIII, 8th International Conference, Birmingham, UK, September 18-22, 2004. Proceedings},
  year = 	 2004,
  key =		 {PPSN2004},
  editor =	 {Xin Yao and Edmund Burke and José A. Lozano and Jim Smith and J.-J. Merelo Guervós and John A. Bullinaria and Jonathan Rowe and Peter Tino and Ata Kabán and Hans-Paul Schwefel},
  number =	 3242,
  series =	 {Lecture Notes in Computer Science,LNCS},
  month =	 {September},
  publisher =	 {Springer-Verlag},
}

@Unpublished{docencia2004,
  author = 	 {Juan Julián Merelo-Guervós and Fernando Tricas García},
  title = 	 {Uso de bitácoras en la enseñaza de una asignatura de informática},
  note = 	 {Póster aceptado en el {\em IV Congreso de Aplicación de las Nuevas Tecnologías en la Docencia Presencial y E-Learning}, Universidad Cardenal Herrera-CEU, Alfara del Patriarca, Valencia},
  month =	 {19-20 Octubre},
  year =	 2004,
  annote =	 {Programa: \url{http://www.uch.ceu.es/principal/ntic4/inicio.asp?c=presentacion}}
}

@InProceedings{arenas04,
  author = 	 {Arenas, M.G. and  Castillo, P.A. and  Romero, G. and  Rateb, F. and Merelo, J. J.},
  title = 	 {Co-evolving multilayer perceptrons along training sets},
  booktitle = 	 {Advances in Soft Computing: 8th Fuzzy Days Proceedings},
  pages = {503--513},
  year =	 2005,
  month =	 {September},
  note =	 {Program: \url{http://fuzzydays.cs.uni-dortmund.de/programme.html}}
}


@InProceedings{garcia04:_medios,
  author = 	 {Guillermo López García and Juan Julián Merelo Guervós and Fernando Tricas García},
  title = 	 {Medios digitales, transmisión de información y formación del espaci público: comunicación de masas y comunicación en red ante el 11M},
  booktitle = 	 {XIX Congreso Internacional de Comunicación: La comunicación en situaciones de crisis del 11M al 14M},
  year =	 2004,
  month =	 {11--12 Noviembre},
  organization = {Universidad de Navarra}
}

@InProceedings{ocs:weblogs,
  author = 	 {Juan Julián Merelo and Fernando Tricas and Beatriz Prieto and Marta Prieto and Alberto Prieto },
  title = 	 {Visualización de la evolución de una red social generada por weblogs},
  booktitle = 	 {Actas del II Congreso ONLINE Observatorio de la Cibersociedad},
  year =	 2004,
  month =	 {Noviembre},
  note =	 {Disponible en \url{http://www.cibersociedad.net/congres2004/grups/fitxacom_publica2.php?grup=43&id=625&idioma=es}}
}


@InProceedings{ocs:reglas,
  author = 	 {Juan Julián Merelo and José Carpio Cañada and Gemma Ferreras and Fernando Tricas },
  title = 	 {Recomendación de weblogs utilizando reglas de asociación},
  booktitle = 	 {Actas del II Congreso ONLINE Observatorio de la Cibersociedad},
  year =	 2004,
  month =	 {Noviembre},
  note =	 {Disponible en \url{http://www.cibersociedad.net/congres2004/grups/fitxacom_publica2.php?grup=43&id=638&idioma=es}}
}

@Article{rateb05,
  author = 	 {Fatima Rateb and Bernard Pavard and Narjes Bellamine-BenSaoud and J. J. Merelo and M. G. Arenas},
  title = 	 {Modeling Malaria with Multi-Agent Systems},
  journal = 	 {International Journal of Intelligent Information Technologies},
  year = 	 2005,
  volume =	 1,
  number =	 2,
  pages =	 {17--27},
  month =	 {April--June}
}

@InProceedings{pedro:iwann05,
  author = 	 {P.A. Castillo and G. Romero and M.G. Arenas and J.J. Merelo and A. Prieto},
  title = 	 {Designing a control system for an autonomous robot using an evolutionary algorithm},
  pages= {685--692},
  booktitle = 	 {Proceedings IWANN 05},
  crossref =	 {iwann05}
}



@InProceedings{gustavo:iwann05,
  author = 	 {Gustavo Romero and M.G. Arenas and P.A. Castillo and J.J. Merelo},
  title = 	 {Evolutionary Design of a Brain-Computer Interface.},
  booktitle = 	 {Proceedings IWANN 05},
  crossref =		 {iwann05},
  pages =	 {669--676},
}

@Proceedings{iwann05,
  title = 	 {8th International Work-Conference on Artificial and Natural Neural Networks, IWANN 2005},
  year = 	 2005,
  key =		 {IWANN 2005},
  series =	 {Lecture Notes in Computer Science,LNCS},
  month =	 {June},
  publisher =	 {Springer-Verlag}
}

@Article{mastermind05,
  author = 	 {Juan J. Merelo-Guerv\'os and P. Castillo and V.M. Rivas},
  title = 	 {Finding a needle in a haystack using hints and evolutionary computation: the case of evolutionary {M}aster{M}ind},
  journal = 	 {Applied Soft Computing},
  year = 	 2006,
  volume = 6,
  number= 2,
  pages = {170-179},
  month = {January},
  note =	 { \url{http://www.sciencedirect.com/science/article/B6W86-4FH0D6P-1/2/40a99afa8e9c7734baae340abecc113a}; \url{http://dx.doi.org/10.1016/j.asoc.2004.09.003}}
}


@InProceedings{robles05,
  author = 	 {Gregorio Robles and Juan Julián Merelo Guervós and Jesús M. González-Barahona},
  title = 	 {Self-organized development in libre software projects: a model based on
the stigmergy concept},
  booktitle = 	 {Proceedings of the 6th International Workshop on Software Process Simulation and Modeling (ProSim 2005), St. Louis, Missouri, USA },
  year =	 2005,
  month =	 {May},
  note =	 {In Press}
}

@Misc{rones05,
  author = 	 {Villalón Mir; Marina and  Oliveras López; MªJesús and  Quesada Granados; José Javier and  Merelo Guervós; J.J. and  Calderón; Lilia and  López Martínez; MªCarmen},
  title = 	 {APLICACIÓN DE REDES NEURONALES ARTIFICIALES A LA DETECCIÓN DE FRAUDES EN BEBIDAS ALCOHÓLICAS DESTILADAS},
  howpublished = 	 {Poster en el III Congreso Nacional de Ciencia y Tecnología de los Alimentos, CTA 2005 },
  year =	 2005,
  month =	 {Mayo--Junio}
}

@InProceedings{maribel:cedi2005,
  author = 	 {M. G. Arenas and  P. Castillo and  J. J. Merelo and  Gustavo Romero},
  title = 	 {Coevolución de Perceptrones Multicapa y Conjuntos de Entrenamiento},
  crossref = {cedi2005:maeb},
  year =	 2005,
 pages = {521--528},
}

@InProceedings{wikis05,
  author = 	 {Juan Julián Merelo Guervós and Fernando Tricas García},
  title = 	 {Integración de wikis en una clase de informática: un
                  paso más en la creación de comunidad}, 
  booktitle = 	 {Actas I Simposio Nacional de Tecnologías de la
                  Información y de las Comunicaciones en la Educación,
                  SINTICE\'{}05},
  pages =	 {19--26},
  year =	 2005,
  editor =	 {Manuel Ortega Cantero},
  series =	 {Nuevos retos científicos y tecnológicos en
                  Ingeniería Informática},
  month =	 {Septiembre},
  publisher =	 {Thomson}
}

@InProceedings{amorag:cedi2005,
  author =  {Antonio M. Mora García and  Juan Julián Merelo Guervós and  Cristián A. Millán Miralles and  Juan J. Torrecillas López},
title= {Algunas metaheurísticas aplicadas a la resolución de problemas de Defensa},
booktitle= {Actas SICO, Simposium de Inteligencia Computacional, SICO'2005, incluido en el CEDI'2005. Granada, septiembre 2005},
 year = 	 {2005},
 publisher = {Thomson},
 pages = {169--176},
  month = 	 {Septiembre}
}
.
@InProceedings{viktor:cedi2005,
  author =  { Víctor Martín Molina and  Juan Julián Merelo Guervós and  Juan Luis Jiménez Laredo and  Maribel García Arenas}, 
title ={Algoritmos evolutivos en {J}ava: resolución del {TSP} usando {DREAM}},
booktitle= {Actas XVI Jornadas de Paralelismo, incluido en CEDI'2005. Granada, septiembre 2005},
 year = 	 2005,
 pages= {677--683},
  publisher =	 {Thomson},
  month = 	 {Septiembre}
}


@InProceedings{maribel:siscom:cedi2005,
  author = {M. G. Arenas and  P. Castillo and  J. J. Merelo and  Gustavo Romero},
title={Implementación de un sistema complejo clásico utilizando una
                  librería evolutiva distribuida}, 
booktitle= {Actas Simposio sobre Sistemas Complejos, SISCOM, incluido en CEDI'2005. Granada},
  publisher =	 {Thomson},
pages = {63--70},
 year = 	 2005,
  month = 	 {Septiembre}
}


@InBook{tricas-bitacoras-2005,
  author = 	 {Fernando Tricas and Juan Julián Merelo},
  booktitle = {EL ECOSISTEMA DIGITAL: Modelos de comunicación, nuevos medios y público en Internet. Guillermo López García, editor },
  title = 	 {Qué son las bitácoras y algunos datos sobre ellas},
  chapter = 	 4,
  publisher = 	 {Disponible en \url{http://www.uv.es/demopode/libro1/}},
  year = 	 2005,
  pages = 	 {89-108},
isbn = {84-370-6302-7},
  note = 	 {Disponible en \url{http://www.uv.es/demopode/libro1/MereloTricas.pdf}},
}


@Article{telos05,
  author = 	 {Juan Julián Merelo y Fernando Tricas},
  title = 	 {Métrica de la blogosfera. Algunas medidas y relaciones en la blogosfera hispana.},
  journal = 	 {Telos},
  year = 	 2005,
  number =	 65,
  pages =	 {101--104},
  note =	 {Cuaderno Central dedicado a 'Blogs, weblogs, bitácoras'. Disponible en \url{http://www.campusred.net/telos/articulocuaderno.asp?idarticulo=3}},
}

@Unpublished{redes-arxiv,
  author = 	 {Carlos Cotta and Juan J. Merelo},
  title = 	 {The Complex Network of Evolutionary Computation Authors: an Initial Study },
  note = 	 {Preprint Available from \url{http://arxiv.org/abs/physics/0507196}},
  month =	 {July},
  year =	 2005
}

@Proceedings{cedi2005:maeb,
  title = 	 {IV Congreso Español sobre Metaheurísticas, Algoritmos Evolutivos y Bioinspirados},
  year = 	 2005,
  editor =	 {Maribel G. Arenas and  Francisco Herrera and  Manuel Lozano and  Juan Julián Merelo and  Gustavo Romero and  Ana Mª Sánchez},
  volume =	 {{I} y {II}},
  series =	 {Nuevos retos científicos y tecnológicos en Ingeniería Informática},
  month =	 {Septiembre},
  publisher =	 {Thomson}
}



@InProceedings{nadeweb,
    title = 	 {SERVICIOS WEB, PARALELISMO, EVOLUCION Y SISTEMAS COMPLEJOS : {NADEWeb} (NUEVOS ALGORITMOS DISTRIBUIDOS Y EVOLUTIVOS EN LA WEB)},
  author = 	 {Juan Julián Merelo Guervós, Isabel Román, Ken Sharman},
  booktitle = 	 {Jornadas de Seguimiento de Proyectos TIN},
  year =	 2005,
  month =	 {Septiembre},
  note =	 {\url{http://platon.escet.urjc.es/jspTIN2005/informesPDF/TIC2003-09481-C04.pdf}}
}

@Unpublished{futbol2005,
  author = 	 {Jegoo Lee and Stephen P. Borgatti and Jose Luis Molina and Juan J. Merelo Guervós},
  title = 	 {Who Passes To Whom: Analysis Of Optimal Network Structure In Soccer Matches},
  note = 	 {Poster at the Sunbelt {XXV} conference, \url{http://revista-redes.rediris.es/webredes/novedades/soccer_sunbelt.pdf} },
url = {http://revista-redes.rediris.es/webredes/novedades/soccer_sunbelt.pdf},
  annote =	 {Schedule available at \url{http://www.socsci.uci.edu/~ssnconf/conf/masterschedule.html}},
  year = 2005
}

@InProceedings{wbc2006,
  author = 	 {Juan Julián Merelo Guervós and  Pedro A. Castillo and  Beatriz Prieto Campos and José Carpio Cañada and Fernando Tricas García and Gemma Ferreres },
  title = 	 {Weblog recommendation using association rules},
  pages =        {127-132},
  ISBN= {972-8924-10-0},
  editor= {Piet Kommers,Pedro Isaías and Ambrosio Goikoetxea},
  booktitle = 	 {Web-Based Communities 2006},
  year =	 2006,
}


@Article{robles06,
  author = 	 {Gregorio Robles and Jesus M. Gonzalez-Barahona and Juan Julián Merelo},
  title = 	 {Beyond source code: The importance of other artifacts in software development (a case study)},
  journal = 	 {Journal of Systems and Software},
  year = 	 2006,
  volume =	 79,
  number =	 9,
pages= {1233--1248},
  note =	 {Selected papers from the fourth Source Code Analysis and Manipulation (SCAM 2004) Workshop, September 2006},
Keywords= {Mining software repositories; Source code analysis; Source code management systems}
}

@InProceedings{dconrails-jp,
  author = 	 {Juan Julián Merelo and Juan Lupión},
  title = 	 {Computación distribuida sobre railes},
  booktitle = 	 {Actas Jornadas de Paralelismo},
pages = {367--372},
  crossref =	 {jp2006},
}

@InProceedings{JP2006:1,
  author = 	 {J.L.J. Laredo and P.A. Castillo and M.G. Arenas and G. Romero and A.M. Mora and J.J. Merelo},
  title = 	 {Validaci\'on de un sistema computacional {P2P} mediante un estudio emp\'irico del funcionamiento},
  booktitle = {XVII Jornadas de Paralelismo},
  pages = {235--240},
  crossref =	 {jp2006},
  year = 	 2006
}

@InProceedings{JP2006:2,
  author = 	 {J.L.J. Laredo and P.A. Castillo and A.M. Mora and J.J. Merelo},
  title = 	 {Estudio preliminar sobre autoadaptaci\'on en agentes
evolutivos sobre arquitecturas heterog\'eneas},
  booktitle = {XVII Jornadas de Paralelismo},
  pages = {389--394},
  crossref =	 {jp2006},
  year = 	 2006
}

@InProceedings{JP2006:maribel,
  title = 	 {Escalado de un sistema {P2P} en una red de área local},
  author = 	 {M. G. Arenas and P. Castillo and J.L.J Laredo and G. Romero and J.J. Merelo},
  booktitle = {XVII Jornadas de Paralelismo},
  pages = {283--288},
  crossref =	 {jp2006},
  year = 	 2006
}

@Proceedings{jp2006,
  editor = {Grupo de Redes y Arquitecturas de Altas Prestaciones},
  title = 	 {XVII Jornadas de Paralelismo},
  year = 	 2006,
  month =	 {Septiembre},
  publisher =	 {Thomson}
}

@Article{ec-network-2006,
  author = 	 {Carlos Cotta and Juan Julián Merelo},
  title = 	 {The Network of {EC} Authors},
  journal = 	 {SIGEvolution, the newsletter of the ACM interest group on Genetic and Evolutonary Computation},
  year = 	 2006,
  volume =	 1,
  number =	 2,
  pages =	 {2--9},
  month =	 {June},
  note =	 {Available from \url{http://sigevolution.org}}
}

@InProceedings{ppsn2006:ensembles,
author={P.A. Castillo and M.G. Arenas and J.J. Merelo and  V.M. Rivas and G. Romero},
title={Multiobjective Optimization of Ensembles of Multilayer Perceptrons for
Pattern Classification},
booktitle={Proceedings PPSN IX}, 
pages={453--462}, 
crossref={PPSN2006}
}


@InProceedings{ppsn2006:burst,
author={Lourdes Araujo and José A. Cuesta and Juan J. Merelo},
title={Genetic algorithm for burst detection and activity tracking in event streams},
crossref={PPSN2006},
booktitle={Proceedings PPSN IX}, 
pages={302--311} 
}

@InProceedings{amorag:nicso2006,
  author = 	{A.M. Mora and  J.J. Merelo and  C. Millán and  J. Torrecillas and  J.L.J. Laredo},
  title = 	{{CHAC}. A {MOACO} Algorithm for Computation of Bi-Criteria Military Unit Path in the Battlefield},
  booktitle = 	 {Proceedings of the Workshop on Nature Inspired Cooperative Strategies for Optimization. NICSO'2006},
  pages = {85--98},
  year =	 {2006},
  month = {Junio},
  editor = {David A. Pelta, Natalio Krasnogor},
  doi = {arXiv:cs/0610113},
  note = {Also available as \url{http://arxiv.org/abs/cs/0610113}}

}


@InProceedings{zamora2006,
  author = 	 {C. Hassan-Montero and  J. L. J. Laredo and  J. J. Merelo and F. Tricas},
  title = 	 {Integrando diferentes canales de comunicación en clase},
  booktitle = 	 {Resúmenes I Jornadas de Innovación Educativa: Las enseñanzas técnicas ante el reto del espacio europeo de investigación superior},
  pages =	 105,
  year =	 2006,
  editor =	 {JL Pérez Iglesias and M. L. Pérez Delgado and J. C. Matos and J. Calvo and M. P. Rubio},
  organization = {EPS Zamora}
}

@Proceedings{ppsn2006,
  title = 	 {Parallel Problem Solving from Nature - PPSN IX, 9th International Conference, Reykjavik, Iceland, September 9-13, 2006. Proceedings},
  year = 	 2006,
  key =		 {PPSN2006},
  editor =	 {Thomas Philip Runarsson and Hans-Georg Beyer and Edmund Burke and J.-J. Merelo Guervós and L. Darrell Whitley A. Bullinaria and Jonathan Rowe and Xin Yao},
  number =	 4193,
  series =	 {Lecture Notes in Computer Science,LNCS},
  month =	 {September},
  publisher =	 {Springer-Verlag},
}

@MISC{araujo-2006,
  author = {Lourdes Araujo and Juan J. Merelo},
  title = {Automatic Detection of Trends in Dynamical Text: An Evolutionary  Approach},
  url = {http://www.citebase.org/abstract?id=oai:arXiv.org:cs/0601047},
  note = {Available from \url{http://www.citebase.org/abstract?id=oai:arXiv.org:cs/0601047}},
  year = {2006}
}


@MISC{castillo-2006,
  author = {P.~A. Castillo and M.~G. Arenas and J.~G. Castellano and J.~J. Merelo and A. Prieto and V. Rivas and G. Romero},
  title = {Lamarckian Evolution and the Baldwin Effect in Evolutionary Neural  Networks},
  url = {http://www.citebase.org/abstract?id=oai:arXiv.org:cs/0603004},
  year = {2006}
}


@MISC{samper-2006,
  author = {Juan J. Samper and Pedro A. Castillo and Lourdes Araujo and J.~J. Merelo},
  title = {{NectaRSS, an RSS feed ranking system that implicitly learns user  preferences}},
  url = {http://www.citebase.org/abstract?id=oai:arXiv.org:cs/0610019},
  year = {2006}
}

@MISC{mora-2006,
  author = {A.~M. Mora and J.~J. Merelo and C. Millan and J. Torrecillas and J.~L.~J. Laredo},
  title = {{CHAC}. A {MOACO} Algorithm for Computation of Bi-Criteria Military Unit  Path in the Battlefield},
  pages = {85},
  url = {http://www.citebase.org/abstract?id=oai:arXiv.org:cs/0610113},
  year = {2006}
}

@InProceedings{maeb2007:juanlu,
  author = 	 {J.L.J. Laredo and  P.A. Castillo and  A.M. Mora and  J.J. Merelo},
  title = 	 {Escalado con un sistema de agentes evolutivos distribuido},
  pages =        {111--118},
  booktitle = 	 {Actas MAEB 2007},
  crossref =	 {maeb:2007}
}



@InProceedings{maeb2007:dcor,
  author = 	 {Juan Julián Merelo and Antonio Mora García and Juan Lupión},
  title = 	 {Escalado de computación distribuida sobre raíles},
  pages = {143--150},
  booktitle = 	 {Actas MAEB 2007},
  crossref =	 {maeb:2007}
}

@InProceedings{maeb2007:chac,
  author = 	 {A. M. Mora and J. J. Merelo and C. Millán and J. Torrecillas and J. L. J. Laredo and P. A. Castillo},
  title = 	 {{CHAC}. {OCHMO} para la resolución del problema bicriterio del camino óptimo de una Unidad Militar en el campo de batalla},
  pages = {207--214},
  booktitle = 	 {Actas MAEB 2007},
  crossref =	 {maeb:2007}
}

@InProceedings{maeb2007:maribel,
  author = 	 {M. G. Arenas and P. A. Castillo and G. Romero and  J. J. Merelo},
  title = 	 {Construcción de Prácticas de Multicomputadores con un algoritmo evolutivo Paralelo},
  pages = {465--470},
  booktitle = 	 {Actas MAEB 2007},
  crossref =	 {maeb:2007}
}

@InProceedings{maeb2007:opeal,
  author = 	 {P. A. Castillo and  J. J. Merelo and J. L. J. Laredo and A. M. Mora and M. G. Arenas},
  title = 	 {Librería de Computación Evolutiva de Fácil Uso para Cursos de Bioinformática},
  pages = {471--478},
  booktitle = 	 {Actas MAEB 2007},
  crossref =	 {maeb:2007}
}

@Proceedings{maeb:2007,
  title = 	 {V Congreso Español sobre Metaheurísticas, Algoritmos Evolutivos y Bioinspirados},
editor = { Francisco Almeida-Rodríguez and Belén Melián-Batista and José A. Moreno-Pérez and J. Marcos Moreno-Vega},
isbn = {978.84-690-3470-5},
  year = 	 2007
}


@inproceedings{LNCS44480129,
  author    = {Juan Lu\'{\i}s Jim\'{e}nez Laredo and Pedro Angel Castillo and Ben Paechter and Antonio Miguel Mora and Eva Alfaro-Cid and Anna I. Esparcia-Alc\'{a}zar and Juan Juli\'{a}n Merelo},
  title     = {Empirical Validation of a Gossiping Communication Mechanism for Parallel {EAs}},
  pages     = {129--136},
  crossref = {EuroGP:2007},
} 

@InProceedings{amorag:evostar2007,
  author = {Antonio Miguel Mora and Juan Juli\'{a}n Merelo and
                  Cristian Mill\'{a}n and Juan Torrecillas and Juan
                  Lu\'{\i}s Jim\'{e}nez Laredo and Pedro A. Castillo},
  title = {Enhancing a {MOACO} for Solving the Bi-Criteria Pathfinding Problem for a Military Unit in a Realistic Battlefield},
crossref = {EuroGP:2007},
  pages = {712--721},
}


@Proceedings{EuroGP:2007,
  title = 	 {Applications of Evolutinary Computing},
  year = 	 2007,
  editor =	 {Mario Giacobini et al. },
  volume =	 4448,
  series = {Lecture Notes in Computer Science},
  publisher = {Springer},
  isbn      = {978-3-540-71804-8},
}

@inproceedings{amora-iwann-2007,
   editor    = {Francisco Sandoval and Alberto Prieto and Joan Cabestany and Manuel Gra\~{n}a},
   booktitle = {Computational and Ambient Intelligence},
   publisher = {Springer},
   location  = {Heidelberg},
   series    = {LNCS},
   volume    = {4507},
   year      = {2007},
   isbn      = {978-3-540-73006-4},
   author    = {A.M. Mora and J.L.J. Laredo and P.A. Castillo and J.J. Merelo},
   title     = {Predicting Financial Distress: A Case Study Using Self-organizing Maps },
   pages     = {774--781}
}

@inproceedings{bea-iwann-2007,
   editor    = {Francisco Sandoval and Alberto Prieto and Joan Cabestany and Manuel Gra\~{n}a},
   booktitle = {Computational and Ambient Intelligence},
   publisher = {Springer},
   location  = {Heidelberg},
   series    = {LNCS},
   volume    = {4507},
   year      = {2007},
   isbn      = {978-3-540-73006-4},
   author    = {Beatriz Prieto and Juan J. Merelo and Alberto Prieto and Fernando Tricas},
   title     = {Analyzing a Web-Based Social Network Using Kohonen's SOM},
   pages     = {911--918}
}

@inproceedings{hiv-iwann-2007,
   editor    = {Francisco Sandoval and Alberto Prieto and Joan Cabestany and Manuel Gra\~{n}a},
   booktitle = {Computational and Ambient Intelligence},
   publisher = {Springer},
   location  = {Heidelberg},
   series    = {LNCS},
   volume    = {4507},
   year      = {2007},
   isbn      = {978-3-540-73006-4},
   author    = {A.M. Mora and J.J. Merelo and C. Briones and F. Mor\'{a}n and J.L.J. Laredo},
   title     = {Clustering and Visualizing {HIV} Quasispecies Using {K}ohonen's Self-Organizing Maps },
   pages     = {940--947}
}

@proceedings{LNCS4507,
   editor    = {Francisco Sandoval and Alberto Prieto and Joan Cabestany and Manuel Graña},
   title     = {Computational and Ambient Intelligence},
   publisher = {Springer},
   location  = {Heidelberg},
   series    = {LNCS},
   volume    = {4507},
   year      = {2007},
   isbn      = {978-3-540-73006-4}
}

@inproceedings{moaco:euroGP:2007,
	editor = "Mario Giacobini",
	booktitle = "Applications of Evolutionary Computing",
	publisher = "Springer",
	series = "LNCS",
	volume = "4448",
	year = "2007",
	isbn = "978-3-540-71804-8",
	author = "Antonio-Miguel Mora and Juan-Julian Merelo and Cristian Millan and Juan Torrecillas and Juan-Lu{\'i}s Jim{\'e}nez Laredo and Pedro A. Castillo",
	title = "Enhancing a {MOACO} for Solving the Bi-criteria Pathfinding Problem for a Military Unit in a Realistic Battlefield",
	pages = "712--721"
}

@Article{ec-network-2007,
  author = 	 {Juan Julián Merelo and Carlos Cotta },
  title = 	 {Building bridges: the role of subfields in metaheuristics},
  journal = 	 {SIGEvolution, the newsletter of the ACM interest group on Genetic and Evolutionary Computation},
  year = 	 2007,
  volume =	 1,
  number =	 4,
  pages =	 {9--15},
  month =	 {January},
  note =	 {Available from \url{http://www.sigevolution.org/issues/pdf/SIGEVOlution200604.pdf}}
}


@Article{ensembles:InfSci,
  author = 	 {P.A. Castillo and J.J. Merelo and M.G. Arenas and G. Romero },
  title = 	 {Comparing Evolutionary Hybrid Systems For Design And
Optimization Of Multilayer Perceptron Structure Along Training Parameters},
  journal = 	 {Information Sciences},
  year = 	 2007,
  doi = {10.1016/j.ins.2007.02.021},
  url = 	 {http://dx.doi.org/10.1016/j.ins.2007.02.021},
  volume = 177,
  issue = 14,
pages={2884--2905}
}

@Article{cotta07:gpem,
  author = 	 {Carlos Cotta and Juan Julián Merelo},
  title = 	 {Where is evolutionary computation going? {A} temporal analysis of the {EC} community},
  year =         "2007",
  volume =       "8",
  number =       "3",
  pages =        "239--253",
  month =        sep,
  journal = 	 {Genetic Programming and Evolvable Machines},
  DOI  = 	{10.1007/s10710-007-9031-0},
  url = {\url{http://dx.doi.org/10.1007/s10710-007-9031-0}}
}


@inproceedings{gecco07:tutorial:redec,
 author = {Carlos Cotta and Juan Juli\'{a}n Merelo-Guerv\'{o}s},
 title = {Complex networks and evolutionary computation},
 booktitle = {GECCO '07: Proceedings of the 2007 GECCO conference companion on Genetic and evolutionary computation},
 year = {2007},
 isbn = {978-1-59593-698-1},
 pages = {3078--3092},
 location = {London, United Kingdom},
 doi = {http://doi.acm.org/10.1145/1274000.1274106},
 publisher = {ACM Press},
 address = {New York, NY, USA},
 }

@inproceedings{gecco07:workshop:chac,
 author = {Antonio Miguel Mora and Juan Juli\'{a}n Merelo and Juan Lu\'{\i}s Jim\'{e}nez and Pedro A. Castillo and Cristian Mill\'{a}n and Juan Torrecillas},
 title = {Balancing safety and speed in the military path finding problem: analysis of different {ACO} algorithms},
 booktitle = {GECCO '07: Proceedings of the 2007 GECCO conference companion on Genetic and evolutionary computation},
 year = {2007},
 isbn = {978-1-59593-698-1},
 pages = {2859--2864},
 location = {London, United Kingdom},
 doi = {http://doi.acm.org/10.1145/1274000.1274032},
 publisher = {ACM Press},
 address = {New York, NY, USA},
 }

@inproceedings{gecco07:workshop:juanlu,
 author = {E. A. Eiben and M. Schoenauer and J. L. J. Laredo and P. A. Castillo and A. M. Mora and J. J. Merelo},
 title = {Exploring selection mechanisms for an agent-based distributed evolutionary algorithm},
 booktitle = {GECCO '07: Proceedings of the 2007 GECCO conference companion on Genetic and evolutionary computation},
 year = {2007},
 isbn = {978-1-59593-698-1},
 pages = {2801--2808},
 location = {London, United Kingdom},
 doi = {http://doi.acm.org/10.1145/1274000.1274086},
 publisher = {ACM Press},
 address = {New York, NY, USA},
 }

@inproceedings{gecco07:anna,
 author = {Anna I. Esparcia-Alcazar and Lidia Lluch-Revert and Manuel Cardos and Ken Sharman and J. J. Merelo},
 title = {Configuring an evolutionary tool for the inventory and transportation problem},
 booktitle = {GECCO '07: Proceedings of the 9th annual conference on Genetic and evolutionary computation},
 year = {2007},
 isbn = {978-1-59593-697-4},
 pages = {1975--1982},
 location = {London, England},
 doi = {http://doi.acm.org/10.1145/1276958.1277350},
 publisher = {ACM Press},
 address = {New York, NY, USA},
 }

@inproceedings{gecco07:lourdes,
 author = {Lourdes Araujo and Juan Julian Merelo},
 title = {A genetic algorithm for dynamic modelling and prediction of activity in document streams},
 booktitle = {GECCO '07: Proceedings of the 9th annual conference on Genetic and evolutionary computation},
 year = {2007},
 isbn = {978-1-59593-697-4},
 pages = {1896--1903},
 location = {London, England},
 doi = {http://doi.acm.org/10.1145/1276958.1277340},
 publisher = {ACM Press},
 address = {New York, NY, USA},
 }

@inproceedings{gecco07:tutorial:dec,
 author = {J. J. Merelo and J. L. J. Laredo},
 title = {Distributed evolutionary computation for fun and profit},
 booktitle = {GECCO '07: Proceedings of the 2007 GECCO conference companion on Genetic and evolutionary computation},
 year = {2007},
 isbn = {978-1-59593-698-1},
 pages = {3251--3266},
 location = {London, United Kingdom},
 doi = {http://doi.acm.org/10.1145/1274000.1274113},
 publisher = {ACM Press},
 address = {New York, NY, USA},
 }

@inproceedings{gecco07:workshop:dcor,
 author = {J. J. Merelo and Antonio Mora Garc\'{\i}a and Juan Luis Jim\'{e}nez Laredo and Juan Lupi\'{o}n and Fernando Tricas},
 title = {Browser-based distributed evolutionary computation: performance and scaling behavior},
 booktitle = {GECCO '07: Proceedings of the 2007 GECCO conference companion on Genetic and evolutionary computation},
 year = {2007},
 isbn = {978-1-59593-698-1},
 pages = {2851--2858},
 location = {London, United Kingdom},
 doi = {http://doi.acm.org/10.1145/1274000.1274083},
 publisher = {ACM Press},
 address = {New York, NY, USA},
 }

@inproceedings{gecco07:poster:redec,
 author = {J. J. Merelo and Carlos Cotta},
 title = {Who is the best connected EC researcher?},
 booktitle = {GECCO '07: Proceedings of the 9th annual conference on Genetic and evolutionary computation},
 year = {2007},
 isbn = {978-1-59593-697-4},
 pages = {1526--1526},
 location = {London, England},
 doi = {http://doi.acm.org/10.1145/1276958.1277255},
 publisher = {ACM Press},
 address = {New York, NY, USA},
 }

@article{merelo2007bce,
  title={{Who is the best connected EC researcher? Centrality analysis of the complex network of authors in evolutionary computation}},
  author={Merelo, J.J. and Cotta, C.},
  journal={Arxiv preprint arXiv:0708.2021},
  year={2007}
}

@INPROCEEDINGS{MereloHassanTricasJimenez07,
AUTHOR = "Juan Julián Merelo and Carmel Hassan-Montero and Fernando
Tricas and Juan Luis Jiménez",
TITLE = "{SWECAI}: Sistema web centrado en el alumno inteligente",
BOOKTITLE = "Actas de las XIII Jornadas de Enseñanza Universitaria de
Informática (JENUI)",
YEAR = "2007",
PAGES = "153--159",
ADDRESS = "Teruel, Spain",
MONTH = jul,
NOTE =
"Presentación: \url{http://jenui2007.unizar.es/doc/Sesiones/17-3B/presentacionJENUI2007.odp} ",
ABSTRACT = " "
} 

@Article{NectaRSS:JNCA,
  author = 	 {Juan J. Samper; Pedro A. Castillo; Lourdes Araujo; J.J. Merelo; Óscar Cordón; and Fernando Tricas},
  title = 	 {{NectaRSS}, an intelligent {RSS} feed reader},
  journal = 	 {Journal of Network and Computer Applications},
  year = 	 2008,
  volume = 31,
  number =  4,
  pages = {793--806},
  month = 	 {November},
  note = 	 {DOI: \url{http://dx.doi.org/10.1016/j.jnca.2007.09.001}}
}

@InProceedings{ecal2007,
  author = 	 {Antonio M. Mora; Juan J. Merelo; Cristián Millán; Juan Torrecillas; Juan L. J. Laredo; Pedro A. Castillo},
  title = 	 {Comparing {ACO} algorithms for solving the bi-criteria military path-finding problem},
  booktitle =	 {Advances in Artificial Life, 9th European Conference, ECAL 2007, Proceedings},
  pages =	 {665--674},
  year =	 2007,
  editor =	 {Fernando Almeida e Costa; Luis Mateus Rocha; Ernesto Costa, Inman Harvey; António Coutinho},
  number =	 4648,
  series =	 {LNAI},
  month =	 {September},
  publisher =	 {Springer}
}

@INPROCEEDINGS{VMRivas:SICO07,
AUTHOR= "V. M. Rivas and M. G. Arenas and J. J. Merelo and A. Prieto",
TITLE= "Predicción de consumo de agua mediante redes neuronales de funciones base radiales evolutivas",
EDITOR = {I. Rojas and H. Pomares},
PUBLISHER = {Thomsom Editores Spain S. A.},
YEAR = {2007},
PAGES= {403--413},
BOOKTITLE={Actas del Simposio de Inteligencia Computacional, SICO'2007},
MONTH={September}
}

@INPROCEEDINGS{VMRivas:WSEAS07,
AUTHOR= "V. M. Rivas and M. G. Arenas and J. J. Merelo and A. Prieto",
TITLE= "{EvRBF}: {E}volving {RBF} {N}eural {N}etworks for {C}lassification {P}roblems",
EDITOR = {M. H. Le et al.},
PUBLISHER = {WSEAS Press},
YEAR = {2007},
PAGES= {100--100},
BOOKTITLE={Proceedings of the 7th WSEAS International Conference on Applied Informatics and Communications (AIC'07) },
MONTH={August, 2007},
ISBN={978-960-8457-96-6}
}

@INPROCEEDINGS{EINTEGRA-JSWEB,
AUTHOR= "P García-Sánchez and JJ Merelo and JP Sevilla and PA Castillo and M Martín and M López",
TITLE= "Plataforma de integración de servicios para la administración
basada en BPEL y SOA",
EDITOR = {Enrique Bertrand López de Roda and Carlos Delgado Kloos and Jesús
Arias Fisteus and 
Vicente Luque Centeno and Pedro Javier Álvarez Pérez-Aradros},
PUBLISHER = {Thomsom Editores Spain S. A.},
YEAR = {2007},
PAGES= {111--118},
BOOKTITLE={ACTAS DE LAS III JORNADAS EN SERVICIOS WEB Y SOA (JSWEB 2007)},
MONTH={September}
}

@InProceedings{amorag:nicso2007,
  author =  {A.M. Mora; J.J. Merelo; J.L.J. Laredo; P.A. Castillo; P.G. Sánchez; J.P. Sevilla; C. Millán; J. Torrecillas},

  title = {{hCHAC-4}, an {ACO} Algorithm for Solving the Four-Criteria Military Path-finding Problem},

  booktitle = {Proceedings of the International Workshop on Nature Inspired Cooperative Strategies for Optimization. NICSO'2007},
  pages = {73--84},
  doi = {10.1007/978-3-540-78987-1_7},
  year = 2007,
  month = {November},
  url = {http://www.springerlink.com/content/y31t733600734h15/},
  editor = {Natalio Krasnogor and Giuseppe Nicosia and Mario Pavone and David Pelta}

}


@article{chacIJIS,
  author    = {A.M. Mora; J.J. Merelo; J.L.J. Laredo; C. Millán; J. J. Torrecillas},
  title     = {{CHAC}. A {MOACO} Algorithm for Computation of Bi-Criteria Military Unit Path in the Battlefield: presentation and First results},
  journal   = {International Journal of Intelligent Systems},
  volume    = 24,
  number    = 7,
  year      = 2009,
  pages = {818--843},
  doi = {10.1002/int.20362},
  url = {\url{ http://dx.doi.org/10.1002/int.20362}}

}

@article{weblogs-JNCA,
title= {Visualizing the evolution of a web-based social network},
author = {Beatriz Prieto and Fernando Tricas and Juan J. Merelo and Antonio Mora García and Alberto Prieto},
journal = {Journal of Network and Computer Applications},
volume = 31,
number = 4,
pages = {677-698},
doi= {doi:10.1016/j.jnca.2007.11.003 },
url= {http://dx.doi.org/10.1016/j.jnca.2007.11.003},
year= 2008 }

@MISC{zorzano-2007,
  author = {Nestor Zorzano and Daniel Merino and J.~L.~J. Laredo and J.~P. Sevilla and Pablo Garcia and J.~J. Merelo},
  title = {Evolving {XSLT} stylesheets},
  url = {http://www.citebase.org/abstract?id=oai:arXiv.org:0712.2630},
  note = {\url{http://xxx.arxiv.org/abs/0712.2630}},
  year = {2007}
} 

@InBook{swecai2007,
  author =	 {Juan Julián Merelo Guervós and Carmel Hassán-Montero and Fernando Tricas García},
  title = 	 {Evaluación de la calidad de la educación superior y de la investigación (IV foro);  Mª Paz Bermúdez and Ángel Castro, editores},
  chapter = 	 {Experiencias con la herramienta {SWECAI} en una clase
                     conectada},
  publisher = 	 {Fundación Empresa Universidad de Granada},
  year = 	 2007,
  pages =	 63,
  note =	 {\url{http://feugr.ugr.es/pags/cursos/IVForo/LibroResumenesIVForo.pdf}},
isbn= {978-84-690-8321-5}
}


@InProceedings{eva:evostar08,
  author = 	 {E. Alfaro-Cid and A. M. Mora and J. J. Merelo and A. I. Esparcia-Alcázar and K. Sharman},
  title = 	 {A {SOM} and {GP} TOOL FOR REDUCING THE DIMENSIONALITY OF A FINANCIAL DISTRESS PREDICTION PROBLEM},
  booktitle = 	 {Applications of Evolutionary Computing},
  crossref =	 {evoworkshops08},
  pages =	 {123-132}
}



@InProceedings{castillo:evostar08,
  author = 	 {P. A. Castillo and A. M. Mora and J. J. Merelo and J. L. J. Laredo and M. Moreto and F. J. Cazorla and M. Valero and S. A. McKee },
  title = 	 {Architecture Performance Prediction Using Evolutionary Artificial Neural Networks},
  booktitle = 	 {Applications of Evolutionary Computing},
  crossref =	 {evoworkshops08},
  pages =	 {175-183}
}

@Proceedings{evoworkshops08,
  title = 	 {Applications of Evolutionary Computing},
  year = 	 2008,
  key =		 {evoworkshops08},
  editor =	 {Mario Giacobini},
  number =	 4974,
  series =	 {LNCS},
  publisher =	 {Springer}
}

@InProceedings{agajaj,
author = {J. J. Merelo and P.A. Castillo and J.L.J. Laredo and A. Mora and A. Prieto},
title = {Asynchronous Distributed Genetic Algorithms with {J}ava{S}cript and {JSON}},
crossref= {wcci08},
pages =  {1372--1379},
url ={http://atc.ugr.es/I+D+i/congresos/2008/CEC_2008_1372.pdf}
}

@InProceedings{hardwareevo,
author = {P. A. Castillo and  J.J. Merelo and   M. Moreto and  F. J. Cazorla and  M. Valero and  A.M. Mora and  J.L.J. Laredo and  S.A. McKee},
title = {Evolutionary system for prediction and optimization of hardware architecture performance},
crossref= {wcci08},
pages =  {1941--1948},
url ={http://atc.ugr.es/I+D+i/congresos/2008/CEC\_2008\_1941.pdf}}


@InProceedings{wcci:evoag,
author = {J.L.J. Laredo and P.A. Castillo and A.M. Mora and J.J. Merelo},
title ={Exploring Population Structures for Locally Concurrent and Massively Parallel Evolutionary Algorithms},
crossref= {wcci08},
pages =  {2610--2617},
url ={http://atc.ugr.es/I+D+i/congresos/2008/CEC\_2008\_2610.pdf}
}


@InProceedings{wcci:bankruptcy,
author = {E. Alfaro-Cid and  P. A. Castillo and  A. Esparcia and  K. Sharman and  J.J. Merelo and  A. Prieto and  A.M. Mora and  J.L.J. Laredo},
title ={Comparing multiobjective evolutionary ensembles for minimizing type {I} and {II} errors for bankruptcy prediction},
crossref= {wcci08},
pages =  {2907--2913},
url = {http://atc.ugr.es/I+D+i/congresos/2008/CEC\_2008\_2907.pdf}
}

@InProceedings{wcci:CHAC,
author = {A.M. Mora and  J.J. Merelo and  P.A. Castillo and  J.L.J. Laredo and  C. Cotta},
title = {Influence of Parameters on the Performance of a MOACO Algorithm for Solving the Bi-Criteria Military Path-finding Problem},
crossref= {wcci08},
pages =  {3506--3512},
url ={http://atc.ugr.es/I+D+i/congresos/2008/CEC\_2008\_4244.pdf}}

@Proceedings{wcci08,
  title = 	 {IEEE Congress on Evolutionary Computation (CEC2008)},
  booktitle = {WCCI 2008 Proceedings},
  year = 	 2008,
  key =		 {WCCI 08 Proceedings},
  isbn =         {978-1-4244-1823-7},
  publisher =	 {IEEE Press}
}

@Article         {RIIACastillo2008,
       author = {P. A. Castillo and J. J. Merelo-Guervós},
        title = {Parallel Multiobjective Optimization of Ensembles of Multilayer Perceptrons for pattern classification},
      journal = {Inteligencia Artificial, Revista Iberoamericana de IA},
       ISSN= {1137-3601},
      volume = 12,
      number = 38,
      pages = {5--25},
         year = 2008
}

@inproceedings{gecco08:castillo,
author = {P.A. Castillo and G. Fernández and A. Mora and J.J. Merelo and J.L. Bernier and A. Prieto},
title = {Evolving Machine Microprograms},
booktitle = {Genetic and Evolutionary Computation Conference, GECCO2008},
year = {2008},
isbn = {978-1-60558-131-6},
pages = {1103--1104},
location = {Atlanta, Georgia, USA},
publisher = {ACM Press},
address = {New York, NY, USA},
}

@inproceedings{gecco08:pgarcia,
author = {P. Garc\'{\i}a-S\'anchez and J.J. Merelo and J.P. Sevilla and J.L.J. Laredo and A.M. Mora and P.A. Castillo},
title = {Automatic Generation of {XSLT} Stylesheets Using Evolutionary Algorithms},
booktitle = {Genetic and Evolutionary Computation Conference, GECCO2008},
year = {2008},
isbn = {978-1-60558-131-6},
pages = {1701--1702},
location = {Atlanta, Georgia, USA},
publisher = {ACM Press},
address = {New York, NY, USA},
}

@inproceedings{gecco08:mora,
author = {A.M. Mora and J.J. Merelo and P.A. Castillo and E. Alfaro-Cid and A.I. Esparcia-Alcazar and K. Sharman},
title = {Discovering Causes of Financial Distress by Combining Evolutionary Algorithms and Artificial Neural Networks},
booktitle = {Genetic and Evolutionary Computation Conference, GECCO2008},
year = {2008},
isbn = {978-1-60558-131-6},
pages = {1243--1250},
location = {Atlanta, Georgia, USA},
publisher = {ACM Press},
address = {New York, NY, USA},
}

@inproceedings{gecco08:fernandes,
author = {Carlos M. Fernandes and J.J. Merelo and Vitorino Ramos and Agostinho C. Rosa},
title = {A Self-Organized Criticality Mutation Operator for Dynamic Optimization Problems},
booktitle = {Genetic and Evolutionary Computation Conference, GECCO2008},
year = {2008},
isbn = {978-1-60558-131-6},
pages = {937--944},
location = {Atlanta, Georgia, USA},
publisher = {ACM Press},
address = {New York, NY, USA},
}

@article{araujo2008mam,
  title={{MultiKulti Algorithm: Migrating the Most Different Genotypes in an Island Model}},
  author={Araujo, L. and Merelo-Guervós, J.J. and Cotta, C. and de Vega, F.F.},
  journal={Arxiv preprint arXiv:0806.2843},
  year={2008}
}


@Article{juanlu:SC08,
  author = 	 {J. L. J. Laredo and P. A. Castillo and A. M. Mora and J. J. Merelo},
  title = 	 {Evolvable agents, a fine grained approach for distributed evolutionary computing: walking towards the peer-to-peer computing frontiers},
  journal = 	 {Soft Computing - A Fusion of Foundations, Methodologies and Applications},
  year = 	 2008,
  volume = 	 12,
  number = 	 12,
  pages = 	 {1145--1156}}



@Proceedings{europar08,
  title = 	 {Euro-Par 2008 - Parallel Processing},
  booktitle = {14th International Euro-Par Conference, Las Palmas de Gran Canaria, Spain, August 26-29, 2008. Proceedings},
  editor = {Emilio Luque, Tomàs Margalef, Domingo Benítez (eds)},
  key =		 {EuroPar'08 Proceedings},
  publisher =	 {Springer},
 series = 	 {Lecture Notes in Computer Science},
year = 2008,
  number = 	 {5168/2008}
}

@InProceedings{juanlu:europar,
  author = 	 {J. L. J. Laredo and  A. E. Eiben and  M. van Steen and  P. A. Castillo and  A. M. Mora and J. J. Merelo},
  title = 	 {{P2P} Evolutionary Algorithms: A Suitable Approach
                  for Tackling Large Instances in Hard Optimization
                  Problems}, 
  DOI = 	{10 si.1007/978-3-540-85451-7},
  url = {http://dx.doi.org/10.1007/978-3-540-85451-7_66},
DOI = {10.1007/s00500-008-0297-9},
  pages = 	 {622-631},
url ={http://www.springerlink.com/content/3j84234147m06241},
   booktitle = {14th International Euro-Par Conference, Las Palmas de Gran Canaria, Spain, August 26-29, 2008. Proceedings},
  year= 2008,
  crosssref= europar08
 }


@InProceedings{kohonants:alifexi,
  author = 	 {Antonio M. Mora and  Carlos M. Fernandes and  Juan Julian Merelo and  Vitorino Ramos and  Juan Luís Jiménez Laredo and Agostinho Claudio Rosa},
  title = 	 {{KohonAnts}: a self-organizing ant algorithm for clustering and pattern classification},
  ISBN = {978-0-262-75017-2},
  booktitle = {Artificial Life XI, Procs. 11th Conference on the Simulation and Synthesis of Living Systems},
  pages = 	 {428--435},
  year = 	 2008,
  editor = 	 {Seth Bullock, Jason Noble, Richard Watson and Mark Bedau},
  month = 	 {August},
  publisher = {MIT Press},
  note = 	 {Dates: 5-8 August, 2008},
 url = {http://www.alifexi.org/papers/ALIFExi_pp428-435.pdf}
}


@InProceedings{Garcia-Sanchez:2008:PPSN,
  author =	"Pablo Garcia-Sanchez and Juan J. Merelo and Juan L. J.
		 Laredo and Antonio Mora and Pedro A. Castillo",
  title =	"Evolving {XSLT} Stylesheets for Document
		 Transformation",
  booktitle =	"Parallel Problem Solving from Nature - PPSN X",
  year = 	"2008",
  editor =	"Gunter Rudolph and Thomas Jansen and Simon Lucas and
		 Carlo Poloni and Nicola Beume",
  volume =	"5199",
  series =	"LNCS",
  pages =	"1021--1030",
  address =	"Dortmund",
  month =	"13-17 " # sep,
  publisher =	"Springer",
  keywords =	"genetic algorithms, genetic programming",
  ISBN = 	"3-540-87699-5",
  doi =  	"doi:10.1007/978-3-540-87700-4_101",
  size = 	"pages",
  abstract =	"This paper presents a new version of an evolutionary
		 algorithm that creates XSLT programs from its intended
		 input and output. XSLT is a general purpose,
		 document-oriented functional language, generally used
		 to transform XML documents (or, in general, solve any
		 problem that can be coded as an XML document).
		 Previously, a solution that solved the problem
		 efficiently was proposed. In this paper, we improve on
		 those results by testing different fitness functions,
		 adding a new operator and changing the type of desired
		 output document that can be obtained. The experiments
		 show that the best results are obtained without
		 considering the XSLT length and including this new
		 operator.",
  notes =	"PPSN X",
  doi-url =	"http://dx.doi.org/10.1007/978-3-540-87700-4_101",
}

@InProceedings{juanlu:dynamic:2008:PPSN,
  author =	"Juan L. J. Laredo and  Pedro A. Castillo and  Antonio M. Mora and  Juan J. Merelo and  Agostinho Rosa and Carlos Fernandes",
  title =	" Evolvable Agents in Static and Dynamic Optimization Problems",
  booktitle =	"Parallel Problem Solving from Nature - PPSN X",
  year = 	"2008",
  editor =	"Gunter Rudolph and Thomas Jansen and Simon Lucas and
		 Carlo Poloni and Nicola Beume",
  volume =	"5199",
  series =	"LNCS",
  pages =	"488-497",
  address =	"Dortmund",
  month =	"13-17 " # sep,
  publisher =	"Springer",
  keywords =	"genetic algorithms, genetic programming",
  ISBN = 	"3-540-87699-5",
  doi =  	"10.1007/978-3-540-87700-4_49",
  size = 	"pages",
  notes =	"PPSN X",
}




@InProceedings{anna:shelf:2008:PPSN,
  author =	"Anna I. Esparcia-Alcázar and  Ana I. Martínez-García and  Jose M. Albarracín-Guillem and  Marta E. Palmer-Gato and  Juan J. Merelo and  Ken C. Sharman and Eva Alfaro-Cid",
  title =	" A Multiobjective Evolutionary Algorithm for the Linear Shelf Space Allocation Problem",
  booktitle =	"Parallel Problem Solving from Nature - PPSN X",
  year = 	"2008",
  editor =	"Gunter Rudolph and Thomas Jansen and Simon Lucas and
		 Carlo Poloni and Nicola Beume",
  volume =	"5199",
  series =	"LNCS",
  pages =	"1001-1010",
  address =	"Dortmund",
  month =	"13-17 " # sep,
  publisher =	"Springer",
  keywords =	"genetic algorithms, genetic programming",
  ISBN = 	"3-540-87699-5",
  doi =  	"10.1007/978-3-540-87700-4_99",
  size = 	"pages",
  notes =	"PPSN X",
}


@InProceedings{juanlu:p2p:2008:PPSN,
  author =	"Juan L. J. Laredo and  Agoston E. Eiben and  Maarten van Steen and Juan J. Merelo",
  title =	"On the Run-Time Dynamics of a Peer-to-Peer Evolutionary Algorithm",
  booktitle =	"Parallel Problem Solving from Nature - PPSN X",
  year = 	"2008",
  editor =	"Gunter Rudolph and Thomas Jansen and Simon Lucas and
		 Carlo Poloni and Nicola Beume",
  volume =	"5199",
  series =	"LNCS",
  pages =	"236--245",
  address =	"Dortmund",
  month =	"13-17 " # sep,
  publisher =	"Springer",
  keywords =	"genetic algorithms, genetic programming, p2p computing",
  ISBN = 	"3-540-87699-5",
  doi =  	"10.1007/978-3-540-87700-4_24",
  size = 	"pages",
  notes =	"PPSN X",
}

@InProceedings{jj:2008:PPSN,
  author =	"Juan J. Merelo and  Antonio M. Mora and Pedro A. Castillo and Juan L. J. Laredo and Lourdes Araujo and Ken C. Sharman and Anna I. Esparcia-Alcázar and Eva Alfaro-Cid and Carlos Cotta",
  title =	"Testing the Intermediate Disturbance Hypothesis: Effect of Asynchronous Population Incorporation on Multi-Deme Evolutionary Algorithms",
  booktitle =	"Parallel Problem Solving from Nature - PPSN X",
  year = 	"2008",
  editor =	"Gunter Rudolph and Thomas Jansen and Simon Lucas and
		 Carlo Poloni and Nicola Beume",
  volume =	"5199",
  series =	"LNCS",
  pages =	"266-275",
  address =	"Dortmund",
  month =	"13-17 " # sep,
  publisher =	"Springer",
  keywords =	"genetic algorithms, genetic programming, p2p computing",
  ISBN = 	"3-540-87699-5",
  doi =  	"10.1007/978-3-540-87700-4_27",
  size = 	"pages",
  notes =	"PPSN X",
}

@InProceedings{mora_hCHAC4,
  author =    {A.M. Mora and J.J. Merelo and J.L.J. Laredo and P.A. Castillo and P.G. Sánchez and J.P. Sevilla and C. Millán and J. Torrecillas},
  title =    {{hCHAC-4}, an {ACO} Algorithm for Solving the Four-Criteria Military Pathfinding Problem},
  booktitle =    {Nature Inspired Cooperative Strategies for Optimization (NICSO 2007)},
  year =     "2008",
  editor =    "Gunter Rudolph and Thomas Jansen and Simon Lucas and
         Carlo Poloni and Nicola Beume",
  volume =    "129",
  series =    "Studies in Computational Intelligence",
  pages =    "73-84",
  address =    "Acireale (Italy)",
  month =    "8-10 " # nov,
  publisher =    "Springer",
  keywords =    "ant colony optimization, multi-objective optimization, pathfinding",
  ISBN =     "978-3-540-78986-4"
} 


@inproceedings{DBLP:conf/antsw/FernandesMGRLR08,
  author    = {Carlos Fernandes and
               Antonio Miguel Mora and
               Juan Juli{\'a}n Merelo Guerv{\'o}s and
               Vitorino Ramos and
               Juan Lu\'{\i}s Jim{\'e}nez Laredo and
               Agostihno Rosa},
  title     = {{KANTS}: Artifical Ant System for Classification},

  booktitle = {ANTS Conference},
  year      = {2008},
  pages     = {339-346},
  ee        = {http://dx.doi.org/10.1007/978-3-540-87527-7_35},
  crossref  = {DBLP:conf/antsw/2008},

  bibsource = {DBLP, http://dblp.uni-trier.de}
}

@proceedings{DBLP:conf/antsw/2008,
  editor    = {Marco Dorigo and
               Mauro Birattari and
               Christian Blum and
               Maurice Clerc and
               Thomas St{\"u}tzle and
               Alan F. T. Winfield},
  title     = {Ant Colony Optimization and Swarm Intelligence, 6th International
               Conference, ANTS 2008, Brussels, Belgium, September 22-24,

               2008. Proceedings},
  booktitle = {ANTS Conference},
  publisher = {Springer},
  series    = {Lecture Notes in Computer Science},
  volume    = {5217},
  year      = {2008},
  isbn      = {978-3-540-87526-0},

  bibsource = {DBLP, http://dblp.uni-trier.de}
}

@InProceedings{10.1109/HIS.2008.52,
author = {C.M. Fernandes and J.J. Merelo and A.C. Rosa},
title = {Tracking Extrema in Dynamic Fitness Functions with Dissortative Mating Genetic Algorithms},
booktitle ={Hybrid Intelligent Systems, International Conference on},
year = {2008},
pages = {59-64},
doi = {http://doi.ieeecomputersociety.org/10.1109/HIS.2008.52},
publisher = {IEEE Computer Society},
address = {Los Alamitos, CA, USA}}

@conference{alfarocid2008pap,
  title={{Prune and Plant: A New Bloat Control Method for Genetic Programming}},
  author={Alfaro-Cid, E. and Esparcia-Alc{\'a}zar, A. and Sharman, K. and de Vega, F.F. and Merelo, JJ},
  booktitle={Proceedings of the 2008 Eighth International Conference on Hybrid Intelligent Systems-Volume 00},
  pages={31--35},
  year={2008},
  organization={IEEE Computer Society Washington, DC, USA}
}

@InProceedings{wikis08:jp,
  title = 	 {Agregando la participación de los alumnos en la clase conectada},
author = {J. J. Merelo Guervós and P. A. Castillo Valdivieso and
                  P. García Sánchez  and F. Tricas García},
  booktitle =	 {Actas XIX Jornadas de Paralelismo, Castellón,
                  Septiembre 2008},
  year =	 2008,
pages={367-373},
  editor = {BADIA CONTELLES, JOSÉ MANUEL},
  note =	 {URL: \url{http://geneura.ugr.es/~pgarcia/papers/2008/planets-jp-08.pdf}}
}

@InProceedings{ULFSARK-JP,
author={García-Sánchez,P. and Sevilla Martín, J.P. and Merelo, J.J. and Laredo, J.L.J. and Castillo, P.A. and Mora A.M and Casado, F.},
year={2008},
title={Algoritmos evolutivos distribuidos sobre dispositivos {B}luetooth},
booktitle={Actas de las XIX Jornadas de Paralelismo},
  editor = {BADIA CONTELLES, JOSÉ MANUEL},
pages={481-486},
}

@inproceedings{churn08,
 author    = {J.L.J. Laredo and
              P.A. Castillo and
              A.M. Mora and
              C. Fernandes and
              J.J. Merelo},
 title     = {Addressing {C}hurn in a {P}eer-to-{P}eer {E}volutionary
{A}lgorithm},
 year      = {2008},
 pages     = {5--12},
 OPTeditor    = {Juan Lanchares and Francisco Fern{\'a}ndez and
                  Jos{\'e} L. Risco-Martin}, 
 booktitle     = {WPABA'08 - First International Workshop on Parallel
                  Architectures and Bioinspired Algorithms, Toronto,
                  Canada}, 
 publisher = {Complutense University Of Madrid},
 isbn      = {978-84-691-6513-3}
}

@article{laredo2008rcp,
  title={{Resilience to churn of a peer-to-peer evolutionary algorithm}},
  author={Laredo, JLJ and Castillo, PA and Mora, AM and Fernandes, CM and Merelo, JJ},
  journal={International Journal of High Performance Systems Architecture},
  volume={1},
  number={4},
  pages={260--268},
  year={2008},
  publisher={Inderscience}
}

@InProceedings{fergu:dcai:08,
        author={García-Sánchez,P. and Merelo,J. J. and Laredo,J. L. and Mora,A. M. and Castillo,P. A.},
booktitle={International Symposium on Distributed Computing and Artificial Intelligence 2008 (DCAI 2008)},
editors={Juan M. Corchado, Sara Rodríguez,James Llinas, José M. Molina},
        year=2009,
        series={Advances in Soft Computing},
        publisher={Springer},
        title={Improving evolution of XSLT stylesheets using heuristic operators},
        volume=50,
        pages={161-170},
        url={www.scopus.com}
}

@InProceedings{code2:08,
        author={Castillo,P. A. and Fernández,G. and Merelo,J. J. and Bernier,J. L. and Mora,A. and Laredo,J. L. J. and García-Sánchez,P.},
        year=2009,
booktitle={International Symposium on Distributed Computing and Artificial Intelligence 2008 (DCAI 2008)},
editors={Juan M. Corchado, Sara Rodríguez,James Llinas, José M. Molina},
        title={Evolving machine microprograms: Application to the CODE2 microarchitecture},
        volume=50,
        pages={461-470},
         series={Advances in Soft Computing},
        publisher={Springer},
        url={www.scopus.com},
}

@InProceedings{elisabeth:dcai:08,
author={Parras-Gutierrez,E. and del Jesus,M. J. and Merelo,J. J. and Rivas,V. M.},
booktitle={International Symposium on Distributed Computing and Artificial Intelligence 2008 (DCAI 2008)},
editors={Juan M. Corchado, Sara Rodríguez,James Llinas, José M. Molina},
        year={2009},
        title={A symbiotic {CHC} co-evolutionary algorithm for automatic RBF neural networks design},
        volume={50},
        pages={663-671},
        series={Advances in Soft Computing},
        publisher={Springer},
}

@InProceedings{Alfaro-Cid:2009:evonum,
  title =        "Modeling Pheromone Dispensers Using Genetic
                 Programming",
  author =       "Eva Alfaro-Cid and Anna I. Esparcia-Alc\'{a}zar and 
                 Pilar Moya and Beatriu Femenia-Ferrer and 
                 Ken Sharman and J. J. Merelo",
  booktitle =    "Proceedings of 2nd European Workshop on Bio-inspired
                 algorithms for continuous parameter optimisation (Evo{NUM}'09)",
  editor =       "M. Giacobini and {et al.}",
  number =       5484,
  series =       "Lecture Notes in Computer Science",
  address =      "Tubingen, Germany",
  year =         2009,
  pages =        "635--644",
  month =        {April},
  organisation = "EvoStar",
  publisher =    "Springer",
  keywords =     "genetic algorithms, genetic programming",
  abstract =     "Mating disruption is an agricultural technique that
                 intends to substitute the use of insecticides for pest
                 control. This technique consists of the diffusion of
                 large amounts of sexual pheromone, so that the males
                 are confused and mating is disrupted. Pheromones are
                 released using devices called dispensers. The speed of
                 release is, generally, a function of time and
                 atmospheric conditions such as temperature and
                 humidity. One of the objectives in the design of the
                 dispensers is to minimise the effect of atmospheric
                 conditions in the performance of the dispenser. With
                 this objective, the Centro de Ecologia Quimica Agricola
                 (CEQA) has designed an experimental dispenser that aims
                 to compete with the dispensers already in the market.
                 The hypothesis we want to validate (and which is based
                 on experimental results) is that the performance of the
                 CEQA dispenser is independent of the atmospheric
                 conditions, as opposed to the most widely used
                 commercial dispenser, Isomate CPlus. This was done
                 using a genetic programming (GP) algorithm. GP evolved
                 functions able to describe the performance of both
                 dispensers and that support the initial hypothesis.",
  notes =        "EvoWorkshops2009 held in conjunction with EuroGP2009,
                 EvoCOP2009, EvoBIO2009",
}



 @Article{burst09,
  author = 	 {Araujo, Lourdes and Merelo, Juan-Julián},
  title = 	 {Automatic detection of trends in time-stamped sequences: an evolutionary approach},
  journal = 	 {Soft Computing - A Fusion of Foundations, Methodologies and Applications},
  volume = 14,
  number = 3,
pages= {211 -- 227},
  year = 	 2009,
  url = {http://dx.doi.org/10.1007/s00500-008-0395-8},
  doi = {10.1007/s00500-008-0395-8},
  abstract = {This paper presents an evolutionary algorithm for modeling the arrival dates in time-stamped data sequences such as newscasts,
 e-mails, IRC conversations, scientific journal articles or weblog postings. These models are applied to the detection of buzz (i.e. terms that occur with a higher-than-normal frequency) in them, which has attracted a lot of interest in the online world with the increasing number of periodic content
 producers. That is why in this paper we have used this kind of online sequences to test our system, though it is also valid
 for other types of event sequences. The algorithm assigns frequencies (number of events per time unit) to time intervals so
 that it produces an optimal fit to the data. The optimization procedure is a trade off between accurately fitting the data
 and avoiding too many frequency changes, thus overcoming the noise inherent in these sequences. This process has been traditionally
 performed using dynamic programming algorithms, which are limited by memory and efficiency requirements. This limitation can
 be a problem when dealing with long sequences, and suggests the application of alternative search methods with some degree
 of uncertainty to achieve tractability, such as the evolutionary algorithm proposed in this paper. This algorithm is able
 to reach the same solution quality as those classical dynamic programming algorithms, but in a shorter time. We also test
 different cost functions and propose a new one that yields better fits than the one originally proposed by Kleinberg on real-world
 data. Finally, several distributions of states for the finite state automata are tested, with the result that an uniform distribution
 produces much better fits than the geometric distribution also proposed by Kleinberg. We also present a variant of the evolutionary
 algorithm, which achieves a fast fit of a sequence extended with new data, by taking advantage of the fit obtained for the
 original subsequence.}
}


@ARTICLE{Parras-Gutierrez200981,
author={Parras-Gutierrez, E. and Jose Del Jesus, M. and Rivas, V.M. and Merelo, J.J.},
title={Study of the robustness of a meta-algorithm for the estimation of parameters in radial basis function neural networks design},
journal={Neural Network World},
year={2009},
volume={19},
number={1},
pages={81-94},
note={cited By (since 1996) 0},
url={http://www.scopus.com/inward/record.url?eid=2-s2.0-63149148341&partnerID=40},
document_type={Article},
}


@InBook{Alfaro:ComFin,
 author={Alfaro-Cid,E. and Mora,A. M. and Merelo,J. J. and Esparcia-Alcázar,A. I. and Sharman,K.},
        chapter={Finding relevant variables in a financial distress prediction problem using genetic programming and self-organizing maps},
        pages={31-49},
        volume=185,
  title = 	 {Natural Computing in Computational Finance},
  publisher = 	 {Springer},
  year = 	 2009,
  series = 	 {Studies in Computational Intelligence}
}

@INPROCEEDINGS{maebb10,
author = {Lourdes Araujo, JJ Merelo and Francisco Fernandez de Vega},
title = {Algoritmo Multikulti: Migración de genotipos en un modelo de 
islas y su impacto en la diversidad},
booktitle = {VI Congreso Espa\~{n}ol sobre Metaheur\'{i}sticas, 
Algoritmos Evolutivos y Bioinspirados (MAEB'09)},
year = {2009},
editor = {E. Alba and F. Chicano and F. Luna and G. Luque},
pages = {67 - 74},
address = {M\'{a}laga, 11 a 13 de Febrero},
isbn = {978-84-691-6813-4}
}


@INPROCEEDINGS{maebb17,
  author = {A. I. Esparcia Alc\'{a}zar and A. I. Mart\'{i}nez Garc\'{i}a and
	J. J. Merelo Guerv\'{o}s and P. Garc\'{i}a S\'{a}nchez and E. Alfaro-Cid

	and M. Card\'{o}s and K. Sharman},
  title = {Comparaci\'{o}n de heur\'{i}sticas de resoluci\'{o}n del VRP y enfoques
	multi y monoobjetivo para el Problema de Transporte e Inventario
	},
  booktitle = {VI Congreso Espa\~{n}ol sobre Metaheur\'{i}sticas, Algoritmos Evolutivos

	y Bioinspirados (MAEB'09)},
  year = {2009},
  editor = {E. Alba and F. Chicano and F. Luna and G. Luque},
  pages = {131 - 138},
  address = {M\'{a}laga, 11 a 13 de Febrero},
  isbn = {978-84-691-6813-4},

  pdf = {./pdfs/maeb2009_submission_19.pdf}
}

@INPROCEEDINGS{maeb-2009,
  author = {Daniel Lombraña González and Francisco Fernández de Vega
and Leonardo Trujillo and Gustavo Olague and Lourdes
      Araujo and Pedro Castillo and Juan Julián Merelo Guervós and
Ken Sharman},
  title = {Obtención de recursos computacionales para PG utilizando
desktop grid computing y virtualización},
  booktitle = {MAEB'09 VI Congreso Español sobre Metaheurísticas,
Algoritmos Evolutivos y Bioinspirados},
  year = {2009},
  month = {February},
  isbn = {978-84-691-6813-4},
  addres = {Málaga, Spain},
  pages = {563--570}
}

@InBook{evitabook,
        author={Esparcia-Alcázar,A. I. and Cardós,M. and Merelo,J. J. and Martínez-García,A. and García-Sánchez,P. and Alfaro-Cid,E. and Sharman,K.},
        year=2009,
        chapter={EVITA: An integral evolutionary methodology for the inventory and transportation problem},
title={Bio-inspired Algorithms for the Vehicle Routing Problem},
        volume=161,
        pages={151--172},
publisher={Springer}
}


  @InProceedings{arenas09:iwann,
  author = 	 { M. G. Arenas and  E. Parras-Gutiérrez and  V. M. Rivas and  P. A. Castillo and  M. J. Del Jesus and  J. J. Merelo},
  title = 	 { Parallelizing the Design of Radial Basis Function Neural Networks by Means of Evolutionary Meta-algorithms},
  booktitle = { Bio-Inspired Systems: Computational and Ambient Intelligence; 10th International Work-Conference on Artificial Neural Networks, IWANN 2009, Salamanca, Spain, June 10-12, 2009. Proceedings, Part I},
  pages = 	 {383--390},
  year = 	 2009,
  editor = 	 {Joan Cabestany and Francisco Sandoval and Alberto Prieto and Juan M. Corchado},
  series = 	 {Lecture Notes in Computer Science},
  month = 	 {June},
  publisher = {Springer},
  DOI  =  {10.1007/978-3-642-02478-8_48},
  url= {http://www.springerlink.com/content/55m834v8486268u2}
}


   

  @InProceedings{fergu:iwann09,
  author = 	 {Pablo Garcia-Sanchez and  Juan P. Sevilla and  Juan J. Merelo and  Antonio M. Mora and  Pedro A. Castillo and  Juan L. J. Laredo and  Francisco Casado},
  title = 	 {Pervasive Evolutionary Algorithms on Mobile Devices},
  booktitle = { Distributed Computing, Artificial Intelligence, Bioinformatics, Soft Computing, and Ambient Assisted Living; 10th International Work-Conference
on Artificial Neural Networks, IWANN 2009 Workshops
Salamanca, Spain, June 10-12, 2009
Proceedings, Part II
},
  pages = 	 {163--170},
  year = 	 2009,
  editor = 	 {Sigeru Omatu and Miguel P. Rocha and José Bravo,
Florentino Fernández and Emilio Corchado,
Andrés Bustillo, Juan M. Corchado},
  series = 	 {Lecture Notes in Computer Science},
  month = 	 {June},
  publisher = {Springer},
    DOI  = {10.1007/978-3-642-02481-8_23},
    Link = {http://www.springerlink.com/content/t6381t21752084kt}
}

@INPROCEEDINGS{multikulti:cec09,
title={Multikulti algorithm: Using genotypic differences in adaptive distributed evolutionary algorithm migration policies},
author={Araujo, Lourdes and Merelo Guervos, Juan J.},
booktitle={Evolutionary Computation, 2009. CEC '09. IEEE Congress on},
year=2009,
month={May},
pages={2858--2865},
doi={10.1109/CEC.2009.4983301}
}

@INPROCEEDINGS{daniel:euromicro09,
title={Increasing {GP} Computing Power for Free via Desktop {GRID} Computing and Virtualization},
author={Gonzalez, D.L. and de Vega, F.F. and Trujillo, L. and Olague, G. and Araujo, L. and Castillo, P. and Merelo, J.J. and Sharman, K.},
booktitle={Parallel, Distributed and Network-based Processing, 2009 17th Euromicro International Conference on},
year=2009,
month={Feb.},
pages={419-423},
keywords={genetic algorithms, grid computing, software engineeringmBOINC framework, GP source code, desktop grid computing, evolutionary algorithms, genetic programming computing power, volunteer computing},
doi={10.1109/PDP.2009.25},
ISSN={1066-6192} 
}
    
@Article{ae09,
  author = 	 {Juan-Julián Merelo-Guervós and Pedro-A. Castillo and Enrique Alba},
  title = 	 {{\tt Algorithm::Evolutionary}, a flexible {P}erl module for evolutionary computation },
  journal = 	 {Soft Computing},
  year = 	 2010,
  affiliation = {Universidad de Granada Depto. Arquitectura y Tecnología de Computadores, ETS Ingenierías Informática y Telecomunicaciones Granada Spain},
  doi = {10.1007/s00500-009-0504-3},
  volume= 14,
  number=10,
  pages={1091--1109},
  url={http://www.springerlink.com/content/8h025g83j0q68270/fulltext.pdf},
  note = 	{Accesible at \url{http://sl.ugr.es/000K}}
}

@article{fernandes2009using,
  title={{Using Dissortative Mating Genetic Algorithms to Track the Extrema of Dynamic Deceptive Functions}},
  author={Fernandes, CM and Merelo, JJ and Rosa, AC},
  journal={Arxiv preprint arXiv:0904.3063},
  year={2009}
}

@conference{alfaro2009multiobjective,
  title={{Multiobjective genetic programming approach for a smooth modeling of the release kinetics of a pheromone dispenser}},
  author={Alfaro-Cid, E. and Esparcia-Alcazar, A.I. and Moya, P. and Merelo, JJ and Femenia-Ferrer, B. and Sharman, K. and Primo, J.},
  booktitle={Proceedings of the 11th annual conference companion on Genetic and evolutionary computation conference},
  pages={2225--2230},
  year={2009},
  organization={ACM}
}


@inproceedings{DBLP:conf/iwann/ArenasPRCJG09,
  author    = {Maribel Garc\'{\i}a Arenas and
               Elisabet Parras-Gutierrez and
               V\'{\i}ctor M. Rivas and
               Pedro A. Castillo and
               Mar\'{\i}a Jos{\'e} del Jes{\'u}s and
               Juan Juli{\'a}n Merelo Guerv{\'o}s},
  title     = {Parallelizing the Design of Radial Basis Function Neural
               Networks by Means of Evolutionary Meta-algorithms},
  booktitle = {IWANN (1)},
  year      = {2009},
  pages     = {383-390},
  ee        = {http://dx.doi.org/10.1007/978-3-642-02478-8_48},
  crossref  = {DBLP:conf/iwann/2009-1},
  bibsource = {DBLP, http://dblp.uni-trier.de}
}

@inproceedings{DBLP:conf/iwann/Garcia-SanchezSGMCLC09,
  author    = {Pablo Garc\'{\i}a-S{\'a}nchez and
               Juan P. Sevilla and
               Juan Juli{\'a}n Merelo Guerv{\'o}s and
               Antonio Miguel Mora and
               Pedro A. Castillo and
               Juan Lu\'{\i}s Jim{\'e}nez Laredo and
               Francisco Casado},
  title     = {Pervasive Evolutionary Algorithms on Mobile Devices},
  booktitle = {IWANN (2)},
  year      = {2009},
  pages     = {163-170},
  ee        = {http://dx.doi.org/10.1007/978-3-642-02481-8_23},
  crossref  = {DBLP:conf/iwann/2009-2},
  bibsource = {DBLP, http://dblp.uni-trier.de}
}

@proceedings{DBLP:conf/iwann/2009-2,
  editor    = {Sigeru Omatu and
               Miguel Rocha and
               Jos{\'e} Bravo and
               Florentino Fern{\'a}ndez Riverola and
               Emilio Corchado and
               Andr{\'e}s Bustillo and
               Juan M. Corchado},
  title     = {Distributed Computing, Artificial Intelligence, Bioinformatics,
               Soft Computing, and Ambient Assisted Living, 10th International
               Work-Conference on Artificial Neural Networks, IWANN 2009
               Workshops, Salamanca, Spain, June 10-12, 2009. Proceedings,
               Part II},
  booktitle = {IWANN (2)},
  publisher = {Springer},
  series    = {Lecture Notes in Computer Science},
  volume    = {5518},
  year      = {2009},
  isbn      = {978-3-642-02480-1},
  ee        = {http://dx.doi.org/10.1007/978-3-642-02481-8},
  bibsource = {DBLP, http://dblp.uni-trier.de}
}

@proceedings{DBLP:conf/iwann/2009-1,
  editor    = {Joan Cabestany and
               Francisco Sandoval and
               Alberto Prieto and
               Juan M. Corchado},
  title     = {Bio-Inspired Systems: Computational and Ambient Intelligence,
               10th International Work-Conference on Artificial Neural
               Networks, IWANN 2009, Salamanca, Spain, June 10-12, 2009.
               Proceedings, Part I},
  booktitle = {IWANN (1)},
  publisher = {Springer},
  series    = {Lecture Notes in Computer Science},
  volume    = {5517},
  year      = {2009},
  isbn      = {978-3-642-02477-1},
  ee        = {http://dx.doi.org/10.1007/978-3-642-02478-8},
  bibsource = {DBLP, http://dblp.uni-trier.de}
}

@inproceedings{DBLP:conf/gecco/AraujoGMC09,
  author    = {Lourdes Araujo and
               Juan Juli{\'a}n Merelo Guerv{\'o}s and
               Antonio Mora and
               Carlos Cotta},
  title     = {Genotypic differences and migration policies in an island
               model},
  booktitle = {GECCO},
  year      = {2009},
  pages     = {1331-1338},
  ee        = {http://doi.acm.org/10.1145/1569901.1570080},
  crossref  = {DBLP:conf/gecco/2009g},
  bibsource = {DBLP, http://dblp.uni-trier.de}
}

@inproceedings{DBLP:conf/gecco/LaredoFGG09,
  author    = {Juan Luis Jim{\'e}nez Laredo and
               Carlos Fernandes and
               Juan Juli{\'a}n Merelo Guerv{\'o}s and
               Christian Gagn{\'e}},
  title     = {Improving genetic algorithms performance via deterministic
               population shrinkage},
  booktitle = {GECCO},
  year      = {2009},
  pages     = {819-826},
  ee        = {http://doi.acm.org/10.1145/1569901.1570014},
  crossref  = {DBLP:conf/gecco/2009g},
  bibsource = {DBLP, http://dblp.uni-trier.de}
}

@proceedings{DBLP:conf/gecco/2009g,
  editor    = {Franz Rothlauf},
  title     = {Genetic and Evolutionary Computation Conference, GECCO 2009,
               Proceedings, Montreal, Qu{\'e}bec, Canada, July 8-12,
               2009},
  booktitle = {GECCO},
  publisher = {ACM},
  year      = {2009},
  isbn      = {978-1-60558-325-9},
  bibsource = {DBLP, http://dblp.uni-trier.de}
}

@InProceedings{DBLP:journals/corr/abs-0908-0516,
  author    = {Juan Juli{\'a}n Merelo Guerv{\'o}s},
  title     = {Still doing evolutionary algorithms with {P}erl},
  booktitle = {YAPC::EU::2009, Corporate Perl},
  pages     = {83--97},
  year      = {2009},
  note        = {Also available as \url{http://arxiv.org/abs/0908.0516}},
  bibsource = {DBLP, http://dblp.uni-trier.de}
}

@InProceedings{laredo09:cache,
author = {Juan Luis J. Laredo and Carlos Fernandes and Antonio Mora and Pedro A. Castillo and Pablo Garcia-Sanchez and Juan Julian Merelo},
title = {Studying the Cache Size in a Gossip-Based Evolutionary Algorithm},
booktitle = {Proceedings of the 3rd International Symposium on Intelligent Distributed Computing},
pages = {131--140},
year = 2009,
editor = {G.A. Papadopoulos and C. Badica},
volume = 237,
series = {Studies in Computational Intelligence},
publisher = {Springer-Verlag Berlin Heidelberg},
}

@Article{evag:gpem,
 author    = {Juan Luis Jim{\'e}nez Laredo and
               A. E. Eiben and
               Maarten van Steen and
               Juan Juli{\'a}n Merelo Guerv{\'o}s},
  title     = {{EvAg}: a scalable peer-to-peer evolutionary algorithm},
  journal   = {Genetic Programming and Evolvable Machines},
  volume    = {11},
  number    = {2},
  year      = {2010},
  pages     = {227-246},
  ee        = {http://dx.doi.org/10.1007/s10710-009-9096-z},
  bibsource = {DBLP, http://dblp.uni-trier.de}
  }

@article{DBLP:journals/corr/abs-0801-1210,
  author    = {Daniel Lombra{\~n}a Gonzalez and
               Francisco Fern{\'a}ndez de Vega and
               Leonardo Trujillo and
               Gustavo Olague and
               F. Chavez de la O and
               M. Cardenas and
               Lourdes Araujo and
               Pedro A. Castillo and
               Ken Sharman},
  title     = {Increasing {GP} Computing Power via Volunteer Computing},
  journal   = {CoRR},
  volume    = {abs/0801.1210},
  year      = {2008},
  ee        = {http://arxiv.org/abs/0801.1210},
  bibsource = {DBLP, http://dblp.uni-trier.de}
}

@misc{ECJ-Evita2009,
title = {Comparing Single and Multiobjective Evolutionary Approaches to the Inventory and Transportation Problem},
author = {Anna I. Esparcia Alc\'{a}zar and Ana\'{i}s Mart\'{i}nez Garc\'{i}a and J.J. Merelo and Pablo Garc\'{i}a S\'{a}nchez and Eva Alfaro Cid and Ken Sharman},
  publisher = {arxiv.org},
   year = 2009,
   month = {August},
   url = {http://arxiv.org/PS_cache/arxiv/pdf/0909/0909.3384v1.pdf}
}

@article{pablo_jp2009,
  title={{Entorno de desarrollo de heurísticas distribuidas utilizando OSGi}},
  author={P. Garcia and P.A. Castillo and J. Gonzalez and J.J. Merelo and A. Escamez},
  journal={Actas de las XX Jornadas de Paralelismo, Ed. Servizo de Publicacións, Universidade da Coruña, ISBN: 84-9749-346-8, pp. 397-402, Ramón Doallo Biempica et al.},
  year={2009}
}

@Article{bloat:ecj,
  author = 	 {Eva Alfaro-Cid and J. J. Merelo and Francisco Fernandez de Vega and Anna I. Esparcia-Alcazar and Ken Sharman },
  title = 	 {Bloat Control Operators and Diversity in Genetic Programming: A Comparative Study},
  journal = 	 {Evolutionary Computation Journal, ECJ},
  year = 	 2010,
  volume = 	 18,
  number = 	 2,
pages={305-332},
url={http://www.scopus.com/inward/record.url?eid=2-s2.0-77952931338&partnerID=40&md5=70b24b3a131d0b6c7a84625d5a754739}
}

      
@InProceedings{evostar,
  author = 	 {Juan-Juli\'an Merelo and Thomas P. Runarsson},
  title = 	 {Finding Better Solutions to the {Mastermind} Puzzle Using Evolutionary Algorithms},
  crossref = {dichio:2010:evoapplications},
  pages = {120--129},
  year = 	 2010}

@InProceedings{bots:evostar,
  author = 	 {Antonio Miguel Mora and  Ramón Montoya and  Juan Julián Merelo and  Pablo García Sánchez and  Pedro Angel Castillo and  Juan Luís Jiménez Laredo and  Ana Isabel Martínez and Anna Espacia },
  title = 	 {Evolving Bot\'s AI in Unreal},
  crossref = {dichio:2010:evoapplications},
  pages = {170-179},
  year = 	 2010}

@Proceedings{dichio:2010:evoapplications,
 booktitle =        "Applications of Evolutionary Computing, Part I",
title =        "Applications of Evolutionary Computing, Part I",
 year =         "2010",
 editor = "Cecilia di Chio et al.",
 series =       "Lecture Notes in Computer Science",
 PUBLISHER={Springer-Verlag},
 volume =       "6024",
 address =      "Istanbul, Turkey",
 month =        "7 - 9 " # apr,
}

@Proceedings{dichio:2010:evoapplications:bis,
 booktitle =        "Applications of Evolutionary Computing, Part I",
 title =        "Applications of Evolutionary Computing, Part I",
 year =         "2010",
 editor =  "Cecilia Di Chio  and Stefano Cagnoni and Carlos Cotta and Marc Ebner
 and Anik\'{o} Ek\'{a}rt and Anna I Esparcia-Alc\'{a}zar and Chi-Keong Goh and JJ Merelo  and Ferrante Neri and Mike Preuss  and Julian Togelius and Georgios N Yannakakis",
 series =       "Lecture Notes in Computer Science",
 PUBLISHER={Springer-Verlag},
 volume =       "6024",
 address =      "Istanbul, Turkey",
 month =        "7 - 9 " # apr,
}

@InProceedings{nicso,
  author = 	 {Runarsson, T. P and Merelo, J. J. },
  title = 	 {Adapting Heuristic {M}astermind Strategies to Evolutionary Algorithms},
  booktitle = 	 {NICSO'10 Proceedings},
  publisher = {Springer-Verlag},
  series= {Studies in Computational Intelligence},
  pages={255--267},
  note = {Also available from ArXiV: \url{http://arxiv.org/abs/0912.2415v1}},
  year = 2010
}

@article{churn08:ijhpsa,
	Author = {Laredo, Juan L. J. and Castillo, Pedro A. and Mora, Antonio M. and Merelo, Juan J. and Fernandes, C.},
	Doi = {http://dx.doi.org/10.1504/IJHPSA.2008.024210},
	Issn = {1751-6528},
	Journal = {Int. J. High Performance Systems Architecture},
	Number = {4},
	Pages = {260--268},
	Publisher = {Inderscience Publishers},
	Title = {Resilience to churn of a peer-to-peer evolutionary algorithm},
	Volume = {1},
	Year = {2008},
}

@inproceedings{mm:gecco10,
 author = {Merelo, Juan J. and Mora, Antonio M. and Runarsson, Thomas P.},
 title = {Beating exhaustive search at its own game: revisiting evolutionary {Mastermind}},
 booktitle = {GECCO '10: Proceedings of the 12th annual conference on Genetic and evolutionary computation},
 year = {2010},
 isbn = {978-1-4503-0072-8},
 pages = {291--292},
 location = {Portland, Oregon, USA},
 doi = {http://doi.acm.org/10.1145/1830483.1830536},
 publisher = {ACM},
 address = {New York, NY, USA},
 }

@inproceedings{unreal:gecco10,
 author = {Esparcia-Alcaz\'{a}r, Anna I. and Mart\'{\i}nez-Garc\'{\i}a, Anais and Mora, Antonio M. and Merelo, J. J. and Garc\'{\i}a-S\'{a}nchez, Pablo},
 title = {Genetic evolution of fuzzy finite state machines to control bots in a first-person shooter game},
 booktitle = {GECCO '10: Proceedings of the 12th annual conference on Genetic and evolutionary computation},
 year = 2010,
 isbn = {978-1-4503-0072-8},
 pages = {829--830},
 location = {Portland, Oregon, USA},
 doi = {http://doi.acm.org/10.1145/1830483.1830633},
 publisher = {ACM},
 address = {New York, NY, USA},
 }

@article{perl-ea,
 author = {Merelo, Juan-Juli\'{a}n},
 title = {A {P}erl primer for evolutionary algorithm practitioners},
 journal = {SIGEVOlution},
 volume = 4,
 number = 4,
 year = 2010,
 pages = {12--19},
 doi = {http://doi.acm.org/10.1145/1810136.1810138},
 url = {http://www.sigevolution.org/issues/pdf/SIGEVOlution200904.pdf},
 publisher = {ACM},
 address = {New York, NY, USA}
 }

 @inproceedings {mm:ppsn:2010,
   author = {Cotta, Carlos and Merelo Guerv\'os, Juan J. and Mora Garc\'ia, Antonio and Runarsson, Thomas},
   affiliation = {ETSI Informática, Universidad de Málaga, Campus de Teatinos, 29071 Málaga, Spain},
   title = {Entropy-Driven Evolutionary Approaches to the {Mastermind} Problem},
   booktitle = {Parallel Problem Solving from Nature   PPSN XI},
   series = {Lecture Notes in Computer Science},
   editor = {Schaefer, Robert and Cotta, Carlos and Kolodziej, Joanna and Rudolph, Günter},
   publisher = {Springer Berlin / Heidelberg},
   pages = {421-431},
   volume = {6239},
   url = {http://dx.doi.org/10.1007/978-3-642-15871-1\_43},
   year = {2010}
}

@InProceedings{garcia2010distributed,
  title={{A Distributed Service Oriented Framework for Metaheuristics Using a Public Standard}},
  author={Garc{\'\i}a-S{\'a}nchez, P. and Gonz{\'a}lez, J. and Castillo, PA and Merelo, JJ and Mora, AM and Laredo, JLJ and Arenas, MG},
  booktitle={Nature Inspired Cooperative Strategies for Optimization (NICSO 2010)},
  pages={211--222},
  year={2010},
  publisher={Springer}
}


@inproceedings{mora2010studying,
  title={{Studying the Influence of the Objective Balancing Parameter in the Performance of a Multi-Objective Ant Colony Optimization Algorithm}},
  author={Mora, AM and Merelo, JJ and Castillo, PA and Laredo, JLJ and Garc{\'\i}a-S{\'a}nchez, P. and Arenas, MG},
  booktitle={Nature Inspired Cooperative Strategies for Optimization (NICSO 2010)},
  pages={163--176},
  year={2010},
  publisher={Springer}
}

@inproceedings{jj:maeb10,
title={Optimizando la implementación de algoritmos evolutivos},
author={JJ Merelo and Pedro Castillo and Juan Luís Jiménez Laredo and María Isabel García Arenas},
pages={525--529},
editors={Vicente Campos, Abraham Duarte, Micael Gallego, Francisco Cortázar y Rafael Martí},
booktitle={Actas MAEB 2010},
year={2010}
}
@INPROCEEDINGS{mm:cig,
author={Merelo, J. J. and Mora, A. M. and Runarsson, T. P. and Cotta, C.},
booktitle={Computational Intelligence and Games (CIG), 2010 IEEE Symposium on}, 
title={Assessing efficiency of different evolutionary strategies playing MasterMind},
year=2010,
month={August},
pages={38--45},
keywords={MasterMind player;constrained optimization problem;evolutionary algorithm;evolutionary strategy;fitness function;computer games;evolutionary computation;},
doi={10.1109/ITW.2010.5593373}
}

@InProceedings{optimizing-meta,
  author = 	 {Juan-Julián Merelo and Antonio Mora and Pedro Castillo and Juan-Luis-Jiménez Laredo and Carlos Fernandes},
  title = 	 {Optimizing Evolutionary Algorithms at Program Level},
  booktitle = {Proceedings META 2010, International Conference on Metaheuristics and Nature Inspired Computing},
  year = 	 2010,
  month = 	 {October},
  note = 	 {Proceedings available from \url{http://www2.lifl.fr/META10/pmwiki.php?n=Main.Proceedings}}
}

@ARTICLE{Araujo2010,
 author    = {Lourdes Araujo and
               Juan Juli{\'a}n Merelo Guerv{\'o}s},
  title     = {Diversity Through Multiculturality: Assessing Migrant Choice
               Policies in an Island Model},
  journal   = {IEEE Trans. Evolutionary Computation},
  volume    = {15},
  number    = {4},
  year      = {2011},
  pages     = {456-469},
  ee        = {http://dx.doi.org/10.1109/TEVC.2010.2064322},
  bibsource = {DBLP, http://dblp.uni-trier.de}
}

@InProceedings{Mora2010126,
author={Mora, A.M. and Fernandes, C.M. and Herrera, L.J. and Castillo, P.A. and Merelo, J.J. and Rojas, F. and Rosa, A.C.},
title={Sleeping with ants, SVMs, multilayer perceptrons and SOMs},
booktitle={Proceedings of the 2010 10th International Conference on Intelligent Systems Design and Applications, ISDA'10},
year={2010},
pages={126-131},
art_number={5687278},
url={http://www.scopus.com/inward/record.url?eid=2-s2.0-79851481104&partnerID=40&md5=09a5188bc2c38da46c238faedd2b6755},
source={Scopus},
}

@InProceedings{Fernandes2010104,
author={Fernandes, C.M. and Merelo, J.J. and Rosa, A.C.},
title={Investigating replacement strategies for the adaptive dissortative mating genetic algorithm},
booktitle={ICEC 2010 - Proceedings of the International Conference on Evolutionary Computation},
year={2010},
pages={104-113},
url={http://www.scopus.com/inward/record.url?eid=2-s2.0-78751479316&partnerID=40&md5=243360f56c71a4485de5a8e783b5ff9d},
document_type={Conference Paper},
source={Scopus},
}

@InBook{guervos11:_ant_colon,
  author = 	 {ANTONIO MIGUEL MORA GARCÍA; CARLOS MIGUEL COSTA FERNANDES; JUAN JULIAN MERELO GUERVOS },
  title = 	 {ANT COLONIES: BEHAVIOR IN INSECTS AND COMPUTER APPLICATIONS},
  chapter = 	 {KANTS: A SELF-ORGANIZED ANT SYSTEM FOR PATTERN CLUSTERING AND CLASSIFICATION},
  publisher = 	 {Nova},
  year = 	 2011,
  isbn = {978-1-61122-023-0}}

@incollection{DBLP:series/sci/LaredoGV10,
  author    = {Juan Lu\'{\i}s Jim{\'e}nez Laredo and
               Juan Juli{\'a}n Merelo Guerv{\'o}s and
               Pedro A. Castillo Valdivieso},
  title     = {Evolvable Agents: A Framework for Peer-to-Peer Evolutionary
               Algorithms},
  booktitle = {Parallel and Distributed Computational Intelligence},
  year      = {2010},
  pages     = {43-62},
  ee        = {http://dx.doi.org/10.1007/978-3-642-10675-0_3},
  crossref  = {DBLP:series/sci/2010-269},
  bibsource = {DBLP, http://dblp.uni-trier.de}
}

@book{DBLP:series/sci/2010-269,
  editor    = {Francisco Fern{\'a}ndez de Vega and
               Erick Cant{\'u}-Paz},
  title     = {Parallel and Distributed Computational Intelligence},
  booktitle = {Parallel and Distributed Computational Intelligence},
  publisher = {Springer},
  series    = {Studies in Computational Intelligence},
  volume    = {269},
  year      = {2010},
  isbn      = {978-3-642-10674-3},
  ee        = {http://dx.doi.org/10.1007/978-3-642-10675-0},
  bibsource = {DBLP, http://dblp.uni-trier.de}
}

@inproceedings{DBLP:conf/cec/Merelo10,
  author    = {Juan J. Merelo},
  title     = {Fluid evolutionary algorithms},
  booktitle = {IEEE Congress on Evolutionary Computation},
  year      = {2010},
  pages     = {1-8},
  ee        = {http://dx.doi.org/10.1109/CEC.2010.5586476},
  crossref  = {DBLP:conf/cec/2010},
  bibsource = {DBLP, http://dblp.uni-trier.de}
}

@inproceedings{DBLP:conf/cec/Esparcia-AlcazarAGGGS10,
  author    = {Anna Isabel Esparcia-Alc{\'a}zar and
               Eva Alfaro-Cid and
               Pablo Garc\'{\i}a-S{\'a}nchez and
               Ana Isabel Mart\'{\i}nez Garc\'{\i}a and
               Juan J. Merelo Guerv{\'o}s and
               Ken Sharman},
  title     = {An evolutionary approach to integrated inventory and routing
               management in a real world case},
  booktitle = {IEEE Congress on Evolutionary Computation},
  year      = {2010},
  pages     = {1-7},
  ee        = {http://dx.doi.org/10.1109/CEC.2010.5586183},
  crossref  = {DBLP:conf/cec/2010},
  bibsource = {DBLP, http://dblp.uni-trier.de}
}
@inproceedings{DBLP:conf/cec/ArenasLCSMPG10,
  author    = {Maribel Garc\'{\i}a Arenas and
               Juan Lu\'{\i}s Jim{\'e}nez Laredo and
               Pedro A. Castillo and
               Pablo G. Saanchez and
               Antonio Miguel Mora and
               Alberto Prieto and
               Juan J. Merelo Guerv{\'o}s},
  title     = {Statistical analysis of the parameters of the simulated
               annealing algorithm},
  booktitle = {IEEE Congress on Evolutionary Computation},
  year      = {2010},
  pages     = {1-8},
  ee        = {http://dx.doi.org/10.1109/CEC.2010.5586160},
  crossref  = {DBLP:conf/cec/2010},
  bibsource = {DBLP, http://dblp.uni-trier.de}
}


@inproceedings{DBLP:conf/cec/Esparcia-AlcazarGMGG10,
  author    = {Anna Isabel Esparcia-Alc{\'a}zar and
               Ana Isabel Mart\'{\i}nez Garc\'{\i}a and
               Antonio Mora and
               Juan Juli{\'a}n Merelo Guerv{\'o}s and
               Pablo Garc\'{\i}a-S{\'a}nchez},
  title     = {Controlling bots in a First Person Shooter game using genetic
               algorithms},
  booktitle = {IEEE Congress on Evolutionary Computation},
  year      = {2010},
  pages     = {1-8},
  ee        = {http://dx.doi.org/10.1109/CEC.2010.5586059},
  crossref  = {DBLP:conf/cec/2010},
  bibsource = {DBLP, http://dblp.uni-trier.de}
}

@proceedings{DBLP:conf/cec/2010,
  title     = {Proceedings of the IEEE Congress on Evolutionary Computation,
               CEC 2010, Barcelona, Spain, 18-23 July 2010},
  booktitle = {IEEE Congress on Evolutionary Computation},
  publisher = {IEEE},
  year      = {2010},
  bibsource = {DBLP, http://dblp.uni-trier.de}
}

@incollection{gonzalez2010characterizing,
  title={Characterizing fault-tolerance of genetic algorithms in desktop grid systems},
  author={Gonz{\'a}lez, Daniel Lombra{\~n}a and Laredo, Juan Lu{\'\i}s Jim{\'e}nez and de Vega, Francisco Fern{\'a}ndez and Guerv{\'o}s, Juan Juli{\'a}n Merelo},
  booktitle={Evolutionary Computation in Combinatorial Optimization},
  pages={131--142},
  year={2010},
  publisher={Springer}
}

@inproceedings{DBLP:conf/gecco/ArenasGCLRM11,
  author    = {Maribel Garc\'{\i}a Arenas and
               Juan Juli{\'a}n Merelo Guerv{\'o}s and
               Pedro A Castillo and
               Juan Lu\'{\i}s Jim{\'e}nez Laredo and
               Gustavo Romero and
               Antonio Miguel Mora},
  title     = {Using free cloud storage services for distributed evolutionary
               algorithms},
  booktitle = {GECCO},
  year      = {2011},
  pages     = {1603-1610},
  ee        = {http://doi.acm.org/10.1145/2001576.2001792},
  crossref  = {DBLP:conf/gecco/2011},
  bibsource = {DBLP, http://dblp.uni-trier.de}
}

@proceedings{DBLP:conf/gecco/2011,
  editor    = {Natalio Krasnogor and
               Pier Luca Lanzi},
  title     = {13th Annual Genetic and Evolutionary Computation Conference,
               GECCO 2011, Proceedings, Dublin, Ireland, July 12-16, 2011},
  booktitle = {GECCO},
  publisher = {ACM},
  year      = {2011},
  isbn      = {978-1-4503-0557-0},
  bibsource = {DBLP, http://dblp.uni-trier.de}
}

@inproceedings{DBLP:conf/eurogp/LaredoGVAG11,
  author    = {Juan Lu\'{\i}s Jim{\'e}nez Laredo and
               Daniel Lombra{\~n}a Gonzalez and
               Francisco Fern{\'a}ndez de Vega and
               Maribel Garc\'{\i}a Arenas and
               Juan Juli{\'a}n Merelo Guerv{\'o}s},
  title     = {A Peer-to-Peer Approach to Genetic Programming},
  booktitle = {EuroGP},
  year      = {2011},
  pages     = {108-117},
  ee        = {http://dx.doi.org/10.1007/978-3-642-20407-4_10},
  crossref  = {DBLP:conf/eurogp/2011},
  bibsource = {DBLP, http://dblp.uni-trier.de}
}

@proceedings{DBLP:conf/eurogp/2011,
  editor    = {Sara Silva and
               James A. Foster and
               Miguel Nicolau and
               Penousal Machado and
               Mario Giacobini},
  title     = {Genetic Programming - 14th European Conference, EuroGP 2011,
               Torino, Italy, April 27-29, 2011. Proceedings},
  booktitle = {EuroGP},
  publisher = {Springer},
  series    = {Lecture Notes in Computer Science},
  volume    = {6621},
  year      = {2011},
  isbn      = {978-3-642-20406-7},
  ee        = {http://dx.doi.org/10.1007/978-3-642-20407-4},
  bibsource = {DBLP, http://dblp.uni-trier.de}
}
@inproceedings{DBLP:conf/evoW/GuervosCM11,
  author    = {Juan-J. Merelo-Guerv{\'o}s and
               Carlos Cotta and
               Antonio Mora},
  title     = {{Improving and Scaling Evolutionary Approaches to the MasterMind
               Problem}},
  booktitle = {EvoApplications (1)},
  year      = {2011},
  pages     = {103-112},
  ee        = {http://dx.doi.org/10.1007/978-3-642-20525-5_11},
  crossref  = {DBLP:conf/evoW/2011a1},
  bibsource = {DBLP, http://dblp.uni-trier.de}
}

@proceedings{DBLP:conf/evoW/2011a1,
  editor    = {Cecilia Di Chio and
               Stefano Cagnoni and
               Carlos Cotta and
               Marc Ebner and
               Anik{\'o} Ek{\'a}rt and
               Anna Esparcia-Alc{\'a}zar and
               Juan Juli{\'a}n Merelo Guerv{\'o}s and
               Ferrante Neri and
               Mike Preuss and
               Hendrik Richter and
               Julian Togelius and
               Georgios N. Yannakakis},
  title     = {Applications of Evolutionary Computation - EvoApplications
               2011: EvoCOMPLEX, EvoGAMES, EvoIASP, EvoINTELLIGENCE, EvoNUM,
               and EvoSTOC, Torino, Italy, April 27-29, 2011, Proceedings,
               Part I},
  booktitle = {EvoApplications (1)},
  publisher = {Springer},
  series    = {Lecture Notes in Computer Science},
  volume    = {6624},
  year      = {2011},
  isbn      = {978-3-642-20524-8},
  ee        = {http://dx.doi.org/10.1007/978-3-642-20525-5},
  bibsource = {DBLP, http://dblp.uni-trier.de}
}

@inproceedings{DBLP:conf/iwann/MereloRACML11,
  author    = {Juan-Juli{\'a}n Merelo-Guerv{\'o}s and
               Gustavo Romero and
               Maribel Garc\'{\i}a-Arenas and
               Pedro A. Castillo and
               Antonio-Miguel Mora and
               Juan-Lu\'{\i}s Jim{\'e}nez-Laredo},
  title     = {Implementation Matters: Programming Best Practices for Evolutionary
               Algorithms},
  booktitle = {IWANN (2)},
  year      = {2011},
  pages     = {333-340},
  ee        = {http://dx.doi.org/10.1007/978-3-642-21498-1_42},
  crossref  = {DBLP:conf/iwann/2011-2},
  bibsource = {DBLP, http://dblp.uni-trier.de}
}

@article{DBLP:journals/corr/abs-1105-4971,
  author    = {Pedro A. Castillo and
               Maribel Garc\'{\i}a-Arenas and
               Antonio-Miguel Mora and
               Juan Lu\'{\i}s Jim{\'e}nez-Laredo and
               Gustavo Romero and
               V\'{\i}ctor M. Rivas and
               Juan-Juli{\'a}n Merelo-Guerv{\'o}s},
  title     = {{Distributed Evolutionary Computation using REST}},
  journal   = {CoRR},
  volume    = {abs/1105.4971},
  year      = {2011},
  ee        = {http://arxiv.org/abs/1105.4971},
  bibsource = {DBLP, http://dblp.uni-trier.de}
}

@article{DBLP:journals/corr/abs-1105-4978,
  author    = {Pedro A. Castillo and
               Jos{\'e} Luis Bernier and
               Maribel Garc\'{\i}a-Arenas and
               Juan-Juli{\'a}n Merelo-Guerv{\'o}s and
               Pablo Garc\'{\i}a-S{\'a}nchez},
  title     = {{SOAP vs REST}: Comparing a master-slave {GA} implementation},
  journal   = {CoRR},
  volume    = {abs/1105.4978},
  year      = {2011},
  ee        = {http://arxiv.org/abs/1105.4978},
  bibsource = {DBLP, http://dblp.uni-trier.de}
}

@inproceedings{DBLP:conf/cec/GuervosMC11,
  author    = {Juan-J. Merelo-Guerv{\'o}s and
               Antonio-Miguel Mora and
               Carlos Cotta},
  title     = {Optimizing worst-case scenario in evolutionary solutions
               to the {MasterMind} puzzle},
  booktitle = {IEEE Congress on Evolutionary Computation},
  year      = {2011},
  pages     = {2669-2676},
  ee        = {http://dx.doi.org/10.1109/CEC.2011.5949952},
  crossref  = {DBLP:conf/cec/2011},
  bibsource = {DBLP, http://dblp.uni-trier.de}
}

@inproceedings{DBLP:conf/cec/FernandesIBRG11,
  author    = {Carlos M. Fernandes and
               Carlos Isidoro and
               F{\'a}bio Barata and
               Agostinho C. Rosa and
               Juan Juli{\'a}n Merelo Guerv{\'o}s},
  title     = {From pherographia to color pherographia: Color sketching
               with artificial ants},
  booktitle = {IEEE Congress on Evolutionary Computation},
  year      = {2011},
  pages     = {1124-1131},
  ee        = {http://dx.doi.org/10.1109/CEC.2011.5949743},
  crossref  = {DBLP:conf/cec/2011},
  bibsource = {DBLP, http://dblp.uni-trier.de}
}

@inproceedings{DBLP:conf/cec/Fernandez-AresMGGF11,
  author    = {Antonio Fern{\'a}ndez-Ares and
               Antonio Miguel Mora and
               Juan Juli{\'a}n Merelo Guerv{\'o}s and
               Pablo Garc\'{\i}a-S{\'a}nchez and
               Carlos Fernandes},
  title     = {Optimizing player behavior in a real-time strategy game
               using evolutionary algorithms},
  booktitle = {IEEE Congress on Evolutionary Computation},
  year      = {2011},
  pages     = {2017-2024},
  ee        = {http://dx.doi.org/10.1109/CEC.2011.5949863},
  crossref  = {DBLP:conf/cec/2011},
  bibsource = {DBLP, http://dblp.uni-trier.de}
}

@inproceedings{DBLP:conf/cec/ArenasGMCRL11,
  author    = {Maribel Garc\'{\i}a Arenas and
               Juan J. Merelo Guerv{\'o}s and
               Antonio Miguel Mora and
               Pedro A. Castillo and
               Gustavo Romero and
               Juan Lu\'{\i}s Jim{\'e}nez Laredo},
  title     = {Assessing speed-ups in commodity cloud storage services
               for distributed evolutionary algorithms},
  booktitle = {IEEE Congress on Evolutionary Computation},
  year      = {2011},
  pages     = {304-311},
  ee        = {http://dx.doi.org/10.1109/CEC.2011.5949633},
  crossref  = {DBLP:conf/cec/2011},
  bibsource = {DBLP, http://dblp.uni-trier.de}
}

@proceedings{DBLP:conf/cec/2011,
  title     = {Proceedings of the IEEE Congress on Evolutionary Computation,
               CEC 2011, New Orleans, LA, USA, 5-8 June, 2011},
  booktitle = {IEEE Congress on Evolutionary Computation},
  publisher = {IEEE},
  year      = {2011},
  isbn      = {978-1-4244-7834-7},
  ee        = {http://ieeexplore.ieee.org/xpl/mostRecentIssue.jsp?punumber=5936494},
  bibsource = {DBLP, http://dblp.uni-trier.de}
}

@inproceedings{DBLP:conf/iwann/MoraMCAGLR11,
  author    = {Antonio Miguel Mora and
               Juan Juli{\'a}n Merelo Guerv{\'o}s and
               Pedro A. Castillo and
               Maribel Garc\'{\i}a Arenas and
               Pablo Garc\'{\i}a-S{\'a}nchez and
               Juan Lu\'{\i}s Jim{\'e}nez Laredo and
               Gustavo Romero},
  title     = {A Study of Parallel Approaches in {MOACOs} for Solving the
               Bicriteria {TSP}},
  booktitle = {IWANN (2)},
  year      = {2011},
  pages     = {316-324},
  ee        = {http://dx.doi.org/10.1007/978-3-642-21498-1_40},
  crossref  = {DBLP:conf/iwann/2011-2},
  bibsource = {DBLP, http://dblp.uni-trier.de}
}

@inproceedings{DBLP:conf/iwann/Fernandez-AresMMGF11,
  author    = {Antonio Fern{\'a}ndez-Ares and
               Antonio Miguel Mora and
               Juan Juli{\'a}n Merelo Guerv{\'o}s and
               Pablo Garc\'{\i}a-S{\'a}nchez and
               Carlos M. Fernandes},
  title     = {Optimizing Strategy Parameters in a Game Bot},
  booktitle = {IWANN (2)},
  year      = {2011},
  pages     = {325-332},
  ee        = {http://dx.doi.org/10.1007/978-3-642-21498-1_41},
  crossref  = {DBLP:conf/iwann/2011-2},
  bibsource = {DBLP, http://dblp.uni-trier.de}
}

@inproceedings{DBLP:conf/iwann/RomeroACGM11,
  author    = {Gustavo Romero and
               Maribel Garc\'{\i}a Arenas and
               Pedro A. Castillo and
               Juan J. Merelo Guerv{\'o}s and
               Antonio Miguel Mora},
  title     = {Online vs. Offline ANOVA Use on Evolutionary Algorithms},
  booktitle = {IWANN (2)},
  year      = {2011},
  pages     = {341-347},
  ee        = {http://dx.doi.org/10.1007/978-3-642-21498-1_43},
  crossref  = {DBLP:conf/iwann/2011-2},
  bibsource = {DBLP, http://dblp.uni-trier.de}
}

@proceedings{DBLP:conf/iwann/2011-2,
  editor    = {Joan Cabestany and
               Ignacio Rojas and
               Gonzalo Joya Caparr{\'o}s},
  title     = {Advances in Computational Intelligence - 11th International
               Work-Conference on Artificial Neural Networks, IWANN 2011,
               Torremolinos-M{\'a}laga, Spain, June 8-10, 2011, Proceedings,
               Part II},
  booktitle = {IWANN (2)},
  publisher = {Springer},
  series    = {Lecture Notes in Computer Science},
  volume    = {6692},
  year      = {2011},
  isbn      = {978-3-642-21497-4},
  ee        = {http://dx.doi.org/10.1007/978-3-642-21498-1},
  bibsource = {DBLP, http://dblp.uni-trier.de}
}

@inproceedings{DBLP:conf/lion/LaredoGFMACG11,
  author    = {Juan Lu\'{\i}s Jim{\'e}nez Laredo and
               Juan J. Merelo Guerv{\'o}s and
               Carlos M. Fernandes and
               Antonio Miguel Mora and
               Maribel Garc\'{\i}a Arenas and
               Pedro A. Castillo and
               Pablo Garc\'{\i}a-S{\'a}nchez},
  title     = {Analysing the Performance of Different Population Structures
               for an Agent-Based Evolutionary Algorithm},
  booktitle = {LION},
  year      = {2011},
  pages     = {582-585},
  ee        = {http://dx.doi.org/10.1007/978-3-642-25566-3_45},
  crossref  = {DBLP:conf/lion/2011},
  bibsource = {DBLP, http://dblp.uni-trier.de}
}

@inproceedings{DBLP:conf/lion/FernandesLMRG11,
  author    = {Carlos M. Fernandes and
               Juan Lu\'{\i}s Jim{\'e}nez Laredo and
               Antonio Miguel Mora and
               Agostinho C. Rosa and
               Juan J. Merelo Guerv{\'o}s},
  title     = {The Sandpile Mutation Operator for Genetic Algorithms},
  booktitle = {LION},
  year      = {2011},
  pages     = {552-566},
  ee        = {http://dx.doi.org/10.1007/978-3-642-25566-3_43},
  crossref  = {DBLP:conf/lion/2011},
  bibsource = {DBLP, http://dblp.uni-trier.de}
}

@proceedings{DBLP:conf/lion/2011,
  editor    = {Carlos A. Coello Coello},
  title     = {Learning and Intelligent Optimization - 5th International
               Conference, LION 5, Rome, Italy, January 17-21, 2011. Selected
               Papers},
  booktitle = {LION},
  publisher = {Springer},
  series    = {Lecture Notes in Computer Science},
  volume    = {6683},
  year      = {2011},
  isbn      = {978-3-642-25565-6},
  ee        = {http://dx.doi.org/10.1007/978-3-642-25566-3},
  bibsource = {DBLP, http://dblp.uni-trier.de}
}

@article{DBLP:journals/corr/abs-1105-6205,
  author    = {Juan-Juli{\'a}n Merelo-Guerv{\'o}s and
               Maribel Garc\'{\i}a Arenas and
               Antonio Miguel Mora and
               Pedro A. Castillo and
               Gustavo Romero and
               Juan Lu\'{\i}s Jim{\'e}nez Laredo},
  title     = {Cloud-based Evolutionary Algorithms: An algorithmic study},
  journal   = {CoRR},
  volume    = {abs/1105.6205},
  year      = {2011},
  ee        = {http://arxiv.org/abs/1105.6205},
  bibsource = {DBLP, http://dblp.uni-trier.de}
}

@article{DBLP:journals/corr/abs-1106-0118,
  author    = {Juan Juli{\'a}n Merelo Guerv{\'o}s and
               Maribel Garc\'{\i}a Arenas and
               Juan Lu\'{\i}s Jim{\'e}nez Laredo and
               Francisco Fern{\'a}ndez de Vega},
  title     = {1st International Workshop on Distributed Evolutionary Computation
               in Informal Environments},
  journal   = {CoRR},
  volume    = {abs/1106.0118},
  year      = {2011},
  ee        = {http://arxiv.org/abs/1106.0118},
  bibsource = {DBLP, http://dblp.uni-trier.de}
}
@article{DBLP:journals/corr/abs-1108-0261,
  author    = {Carlos Cotta and
               Antonio Miguel Mora and
               Cecilia Merelo-Molina and
               Juan Juli{\'a}n Merelo Guerv{\'o}s},
  title     = {FIFA World Cup 2010: A Network Analysis of the Champion
               Team Play},
  journal   = {CoRR},
  volume    = {abs/1108.0261},
  year      = {2011},
  ee        = {http://arxiv.org/abs/1108.0261},
  bibsource = {DBLP, http://dblp.uni-trier.de}
}
@article{DBLP:journals/isci/FernandesGR11,
  author    = {Carlos M. Fernandes and
               Juan Juli{\'a}n Merelo Guerv{\'o}s and
               Agostinho C. Rosa},
  title     = {A comparative study on the performance of dissortative mating
               and immigrants-based strategies for evolutionary dynamic
               optimization},
  journal   = {Inf. Sci.},
  volume    = {181},
  number    = {20},
  year      = {2011},
  pages     = {4428-4459},
  ee        = {http://dx.doi.org/10.1016/j.ins.2011.05.022},
  bibsource = {DBLP, http://dblp.uni-trier.de}
}

@article{Mora2011,
title = {{hCHAC: A family of MOACO algorithms for the resolution of the bi-criteria military unit pathfinding problem}},
journal = "Computers and Operations Research",
volume = "0",
number = "0",
pages = " - ",
year = "2012",
note = "In press",
issn = "0305-0548",
doi = "10.1016/j.cor.2011.11.015",
url = "http://www.sciencedirect.com/science/article/pii/S0305054811003406",
author = "A.M. Mora and J.J. Merelo and P.A. Castillo and M.G. Arenas",
keywords = "Ant Colony Optimization",
keywords = "Multi-Objective Optimization",
keywords = "Multi-Objective Ant Colony Optimization",
keywords = "Military problems",
keywords = "Pathfinding problem",
keywords = "Path planning",
keywords = "Logistics"
}

@article{DBLP:journals/apin/CastilloARMGLG12,
  author    = {Pedro A. Castillo and
               Maribel Garc\'{\i}a Arenas and
               N. Rico and
               Antonio Miguel Mora and
               Pablo Garc\'{\i}a-S{\'a}nchez and
               Juan Lu\'{\i}s Jim{\'e}nez Laredo and
               Juan J. Merelo Guerv{\'o}s},
  title     = {Determining the significance and relative importance of
               parameters of a simulated quenching algorithm using statistical
               tools},
  journal   = {Appl. Intell.},
  volume    = {37},
  number    = {2},
  year      = {2012},
  pages     = {239-254},
  ee        = {http://dx.doi.org/10.1007/s10489-011-0324-x},
  bibsource = {DBLP, http://dblp.uni-trier.de}
}

@inproceedings{DBLP:conf/ecal/FernandesLLRG09,
  author    = {Carlos M. Fernandes and
               Cl{\'a}udio F. Lima and
               Juan Lu\'{\i}s Jim{\'e}nez Laredo and
               Agostinho C. Rosa and
               Juan J. Merelo Guerv{\'o}s},
  title     = {{An Ant-Based Rule for UMDA's Update Strategy}},
  booktitle = {ECAL (2)},
  year      = {2009},
  pages     = {391-398},
  ee        = {http://dx.doi.org/10.1007/978-3-642-21314-4_49},
  crossref  = {DBLP:conf/ecal/2009-2},
  bibsource = {DBLP, http://dblp.uni-trier.de}
}

@proceedings{DBLP:conf/ecal/2009-2,
  editor    = {George Kampis and
               Istv{\'a}n Karsai and
               E{\"o}rs Szathm{\'a}ry},
  title     = {Advances in Artificial Life. Darwin Meets von Neumann -
               10th European Conference, ECAL 2009, Budapest, Hungary,
               September 13-16, 2009, Revised Selected Papers, Part II},
  booktitle = {ECAL (2)},
  publisher = {Springer},
  series    = {Lecture Notes in Computer Science},
  volume    = {5778},
  year      = {2011},
  isbn      = {978-3-642-21313-7},
  ee        = {http://dx.doi.org/10.1007/978-3-642-21314-4},
  bibsource = {DBLP, http://dblp.uni-trier.de}
}

@inproceedings{Mora2010,
author={Mora, A.M. and Herrera, L.J. and Urquiza, J. and Rojas, I. and Merelo, J.J.},
title={Applying support vector machines and mutual information to book losses prediction},
booktitle={Proceedings of the International Joint Conference on Neural Networks},
year={2010},
art_number={5596710},
url={http://www.scopus.com/inward/record.url?eid=2-s2.0-79959443174&partnerID=40&md5=753b05141eccec81dfbd8ff27926570b},
document_type={Conference Paper},
source={Scopus},
}

@article{DBLP:journals/corr/abs-1108-1262,
  author    = {Juan Juli{\'a}n Merelo Guerv{\'o}s and
               Carlos Cotta and
               Antonio Miguel Mora},
  title     = {1st International Workshop on Complex Systems in Sports
               - Proceedings},
  journal   = {CoRR},
  volume    = {abs/1108.1262},
  year      = {2011},
  ee        = {http://arxiv.org/abs/1108.1262},
  bibsource = {DBLP, http://dblp.uni-trier.de}
}

@InProceedings{sofea:evopar2012,
  author = 	 {Juan-J Merelo-Guervós and Antonio Mora and J. Albert
                  Cruz and Anna I. Esparcia}, 
  title = 	 {Pool-based Distributed Evolutionary Algorithms using an Object Database},
  booktitle = {EvoApplications 2012 Proceedings},
  pages = 	 {441--450},
  year = 	 2012,
  editor = 	 {Cecilia di Chio et al.}
}

@InProceedings{sofea:maeb2012,
  author = 	 {Juan-Julián Merelo-Guervós and Anna I. Esparcia},
  title = 	 {Usando bases de datos NoSQL para algoritmos evolutivos paralelos},
  booktitle = {Actas MAEB 2012},
  year = 	 2012,
  editor = 	 {José Antonio},
  note = 	 {\url{http://congresomaeb2012.uclm.es/papers/paper_65.pdf}}}

@article{sofea:naco,
year={2012},
issn={1567-7818},
journal={Natural Computing},
doi={10.1007/s11047-012-9338-5},
  volume    = {12},
  number    = {2},
  year      = {2013},
  pages     = {149-162},
  ee        = {http://dx.doi.org/10.1007/s11047-012-9338-5},
title={Designing and testing a pool-based evolutionary algorithm},
url={http://dx.doi.org/10.1007/s11047-012-9338-5},
publisher={Springer Netherlands},
keywords={Cloud computing; Cloud storage; Evolutionary algorithms; Distributed algorithms; NoSQL databases; Key-value stores; Complex systems},
author={Merelo, J.J. and Mora, A.M. and Fernandes, C.M. and Esparcia-Alcázar, Anna I.},
pages={1-14},
language={English}
}

@inproceedings{LNCS74920153,
   editor    = {Carlos A. Coello Coello and Vincenzo Cutello and Kalyanmoy Deb and Stephanie Forrest and Giuseppe Nicosia and Mario Pavone},
   booktitle = {Parallel Problem Solving from Nature - PPSN XII},
   publisher = {Springer},
   location  = {Heidelberg},
   series    = {Lecture Notes in Computer Science},
   volume    = {7492},
   year      = {2012},
   isbn      = {978-3-642-32963-0},
   author    = {Carlos M. Fernandes and Juan J. Merelo and Agostinho C. Rosa},
   title     = {Controlling the Parameters of the Particle Swarm Optimization with a Self-Organized Criticality Model},
   pages     = {153--163}
}

@INPROCEEDINGS{sofea:cec2012,
author={Merelo-Guervos, J.J. and Mora, A. and Cruz, J.A. and Esparcia-Alcazar, A.I. and Cotta, C.},
booktitle={Evolutionary Computation (CEC), 2012 IEEE Congress on}, title={Scaling in distributed evolutionary algorithms with persistent population},
year={2012},
month={june},
volume={},
number={},
pages={1 -8},
keywords={API;CouchDB object store;distributed computing system;distributed evolutionary algorithm scaling;persistent population;programming languages;application program interfaces;distributed algorithms;evolutionary computation;},
doi={10.1109/CEC.2012.6256622},
ISSN={},}

@inproceedings{DBLP:conf/cig/Fernandez-AresGMG12,
  author    = {Antonio Fern{\'a}ndez-Ares and
               Pablo Garc\'{\i}a-S{\'a}nchez and
               Antonio Miguel Mora and
               Juan J. Merelo Guerv{\'o}s},
  title     = {Adaptive bots for real-time strategy games via map characterization},
  booktitle = {CIG},
  year      = {2012},
  pages     = {417-721},
  ee        = {http://dx.doi.org/10.1109/CIG.2012.6374185},
  crossref  = {DBLP:conf/cig/2012},
  bibsource = {DBLP, http://dblp.uni-trier.de}
}

@proceedings{DBLP:conf/cig/2012,
  title     = {2012 IEEE Conference on Computational Intelligence and Games,
               CIG 2012, Granada, Spain, September 11-14, 2012},
  booktitle = {CIG},
  publisher = {IEEE},
  year      = {2012},
  isbn      = {978-1-4673-1193-9},
  ee        = {http://ieeexplore.ieee.org/xpl/mostRecentIssue.jsp?punumber=6361518},
  bibsource = {DBLP, http://dblp.uni-trier.de}
}

@inproceedings{DBLP:conf/ijcci/FernandesGR12,
  author    = {Carlos M. Fernandes and
               Juan Juli{\'a}n Merelo Guerv{\'o}s and
               Agostinho C. Rosa},
  title     = {Using Self-organized Criticality for Adjusting the Parameters
               of a Particle Swarm},
  booktitle = {IJCCI},
  year      = {2012},
  pages     = {62-71},
  crossref  = {DBLP:conf/ijcci/2012},
  bibsource = {DBLP, http://dblp.uni-trier.de}
}

@inproceedings{DBLP:conf/ijcci/FernandesGMR12,
  author    = {Carlos M. Fernandes and
               Antonio Mora Garc\'{\i}a and
               Juan Juli{\'a}n Merelo Guerv{\'o}s and
               Agostinho C. Rosa},
  title     = {Pherogenic Drawings - Generating Colored 2-dimensional Abstract
               Representations of Sleep EEG with the KANTS Algorithm},
  booktitle = {IJCCI},
  year      = {2012},
  pages     = {72-80},
  crossref  = {DBLP:conf/ijcci/2012},
  bibsource = {DBLP, http://dblp.uni-trier.de}
}

@proceedings{DBLP:conf/ijcci/2012,
  editor    = {Agostinho C. Rosa and
               Ant{\'o}nio Dourado Correia and
               Kurosh Madani and
               Joaquim Filipe and
               Janusz Kacprzyk},
  title     = {IJCCI 2012 - Proceedings of the 4th International Joint
               Conference on Computational Intelligence, Barcelona, Spain,
               5 - 7 October, 2012},
  booktitle = {IJCCI},
  publisher = {SciTePress},
  year      = {2012},
  isbn      = {978-989-8565-33-4},
  bibsource = {DBLP, http://dblp.uni-trier.de}
}


@article{DBLP:journals/corr/abs-1207-1315,
  author    = {Juan-Juli{\'a}n Merelo-Guerv{\'o}s and
               Antonio-Miguel Mora and
               Carlos Cotta and
               Thomas-Philip Runarsson},
  title     = {{An experimental study of exhaustive solutions for the Mastermind
               puzzle}},
  journal   = {CoRR},
  volume    = {abs/1207.1315},
  year      = {2012},
  ee        = {http://arxiv.org/abs/1207.1315},
  bibsource = {DBLP, http://dblp.uni-trier.de}
}

@InProceedings{merelo12:gameon,
  author = 	 {J. J. Merelo and A. M. Mora and C. Cotta},
  title = 	 {Finding Fast Solutions to the Game of {Mastermind}},
  booktitle = {GAME-ON 2012, 13th International Conference on Intelligent Games and Simulation},
  pages = 	 {25--28},
  year = 	 2012,
  editor = 	 {Antonio Fernández-Leiva, Carlos Cotta and Raúl Lara},
  publisher = {Eurosis}}

@inproceedings{DBLP:conf/3pgcic/GuervosMFEL12,
  author    = {Juan J. Merelo Guerv{\'o}s and
               Antonio Miguel Mora and
               Carlos M. Fernandes and
               Anna Isabel Esparcia-Alc{\'a}zar and
               Juan Lu\'{\i}s Jim{\'e}nez Laredo},
  title     = {Pool vs. Island Based Evolutionary Algorithms: An Initial
               Exploration},
  booktitle = {3PGCIC},
  year      = {2012},
  pages     = {19-24},
  ee        = {http://dx.doi.org/10.1109/3PGCIC.2012.56},
  crossref  = {DBLP:conf/3pgcic/2012},
  bibsource = {DBLP, http://dblp.uni-trier.de}
}

@proceedings{DBLP:conf/3pgcic/2012,
  editor    = {Fatos Xhafa and
               Leonard Barolli and
               Kin Fun Li},
  title     = {2012 Seventh International Conference on P2P, Parallel,
               Grid, Cloud and Internet Computing, 3PGCIC 2012, Victoria,
               BC, Canada, November 12-14, 2012},
  booktitle = {3PGCIC},
  publisher = {IEEE},
  year      = {2012},
  isbn      = {978-1-4673-2991-0},
  ee        = {http://ieeexplore.ieee.org/xpl/mostRecentIssue.jsp?punumber=6362367},
  bibsource = {DBLP, http://dblp.uni-trier.de}
}

@article{DBLP:journals/jcst/MoraFGGF12,
  author    = {Antonio Miguel Mora and
               Antonio Fern{\'a}ndez-Ares and
               Juan J. Merelo Guerv{\'o}s and
               Pablo Garc\'{\i}a-S{\'a}nchez and
               Carlos M. Fernandes},
  title     = {Effect of Noisy Fitness in Real-Time Strategy Games Player
               Behaviour Optimisation Using Evolutionary Algorithms},
  journal   = {J. Comput. Sci. Technol.},
  volume    = {27},
  number    = {5},
  year      = {2012},
  pages     = {1007-1023},
  ee        = {http://dx.doi.org/10.1007/s11390-012-1281-5},
  bibsource = {DBLP, http://dblp.uni-trier.de}
}

@article{mora2013pareto,
  title={Pareto-based multi-colony multi-objective ant colony optimization algorithms: an island model proposal},
  author={Mora, AM and Garc{\'\i}a-S{\'a}nchez, P and Merelo, JJ and Castillo, PA},
  journal={Soft Computing},
  pages={1--33},
  year={2013},
  publisher={Springer}
}

@article{merelo2013complex,
  title={Complex systems in sports: Introduction to the special issue},
  author={Merelo, Juan Juli{\'a}n and Mora, Antonio M and Cotta, Carlos},
  journal={Journal of Systems Science and Complexity},
  volume={26},
  number={1},
  pages={1--3},
  year={2013},
  publisher={Springer}
}


@inproceedings{mm:evostar13,
  author    = {Javier Maestro-Montojo and
               Juan-Juli{\'a}n Merelo-Guerv{\'o}s and
               Sancho Salcedo-Sanz},
  title     = {{Comparing Evolutionary Algorithms to Solve the Game of MasterMind}},
  booktitle = {EvoApplications},
  year      = {2013},
  pages     = {304-313},
  ee        = {http://dx.doi.org/10.1007/978-3-642-37192-9_31},
  crossref  = {DBLP:conf/evoW/2013a},
  bibsource = {DBLP, http://dblp.uni-trier.de}
}


@inproceedings{DBLP:conf/evoW/ValdezTVGO13,
  author    = {Mario Garc\'{\i}a Valdez and
               Leonardo Trujillo and
               Francisco Fern{\'a}ndez de Vega and
               Juan J. Merelo Guerv{\'o}s and
               Gustavo Olague},
  title     = {EvoSpace: A Distributed Evolutionary Platform Based on the
               Tuple Space Model},
  booktitle = {EvoApplications},
  year      = {2013},
  pages     = {499-508},
  ee        = {http://dx.doi.org/10.1007/978-3-642-37192-9_50},
  crossref  = {DBLP:conf/evoW/2013a},
  bibsource = {DBLP, http://dblp.uni-trier.de}
}

@proceedings{DBLP:conf/evoW/2013a,
  editor    = {Anna Isabel Esparcia-Alc{\'a}zar},
  title     = {Applications of Evolutionary Computation - 16th European
               Conference, EvoApplications 2013, Vienna, Austria, April
               3-5, 2013. Proceedings},
  booktitle = {EvoApplications},
  publisher = {Springer},
  series    = {Lecture Notes in Computer Science},
  volume    = {7835},
  year      = {2013},
  isbn      = {978-3-642-37191-2},
  ee        = {http://dx.doi.org/10.1007/978-3-642-37192-9},
  bibsource = {DBLP, http://dblp.uni-trier.de}
}

@inproceedings{DBLP:conf/cec/TrujilloVVG13,
  author    = {Leonardo Trujillo and
               Mario Garc\'{\i}a Valdez and
               Francisco Fern{\'a}ndez de Vega and
               Juan Juli{\'a}n Merelo Guerv{\'o}s},
  title     = {Fireworks: Evolutionary art project based on EvoSpace-interactive},
  booktitle = {IEEE Congress on Evolutionary Computation},
  year      = {2013},
  pages     = {2871-2878},
  ee        = {http://dx.doi.org/10.1109/CEC.2013.6557918},
  crossref  = {DBLP:conf/cec/2013},
  bibsource = {DBLP, http://dblp.uni-trier.de}
}

@article{DBLP:journals/soco/Garcia-SanchezGCAG13,
  author    = {Pablo Garc\'{\i}a-S{\'a}nchez and
               J. Gonz{\'a}lez and
               Pedro A. Castillo and
               Maribel Garc\'{\i}a Arenas and
               Juan Juli{\'a}n Merelo Guerv{\'o}s},
  title     = {Service oriented evolutionary algorithms},
  journal   = {Soft Comput.},
  volume    = {17},
  number    = {6},
  year      = {2013},
  pages     = {1059-1075},
  ee        = {http://dx.doi.org/10.1007/s00500-013-0999-5},
  bibsource = {DBLP, http://dblp.uni-trier.de}
}

@article{mericloud,
  author    = {K. Meri and
               Maribel Garc\'{\i}a Arenas and
               Antonio Miguel Mora and
               Juan Juli{\'a}n Merelo Guerv{\'o}s and
               Pedro A. Castillo and
               Pablo Garc\'{\i}a-S{\'a}nchez and
               Juan Lu\'{\i}s Jim{\'e}nez Laredo},
  title     = {Cloud-based evolutionary algorithms: An algorithmic study},
  journal   = {Natural Computing},
  volume    = {12},
  number    = {2},
  year      = {2013},
  pages     = {135-147},
  ee        = {http://dx.doi.org/10.1007/s11047-012-9358-1},
  bibsource = {DBLP, http://dblp.uni-trier.de}
}

@article{DBLP:journals/apin/FernandesLRG13,
  author    = {Carlos M. Fernandes and
               Juan Lu\'{\i}s Jim{\'e}nez Laredo and
               Agostinho C. Rosa and
               Juan J. Merelo Guerv{\'o}s},
  title     = {The sandpile mutation Genetic Algorithm: an investigation
               on the working mechanisms of a diversity-oriented and self-organized
               mutation operator for non-stationary functions},
  journal   = {Appl. Intell.},
  volume    = {39},
  number    = {2},
  year      = {2013},
  pages     = {279-306},
  ee        = {http://dx.doi.org/10.1007/s10489-012-0413-5},
  bibsource = {DBLP, http://dblp.uni-trier.de}
}

@inproceedings{DBLP:conf/tpnc/NoguerasCFLGR13,
  author    = {Rafael Nogueras and
               Carlos Cotta and
               Carlos M. Fernandes and
               Juan Lu\'{\i}s Jim{\'e}nez Laredo and
               Juan Juli{\'a}n Merelo Guerv{\'o}s and
               Agostinho C. Rosa},
  title     = {An Analysis of a Selecto-Lamarckian Model of Multimemetic
               Algorithms with Dynamic Self-organized Topology},
  booktitle = {TPNC},
  year      = {2013},
  pages     = {205-216},
  ee        = {http://dx.doi.org/10.1007/978-3-642-45008-2_17},
  crossref  = {DBLP:conf/tpnc/2013},
  bibsource = {DBLP, http://dblp.uni-trier.de}
}

@proceedings{DBLP:conf/tpnc/2013,
  editor    = {Adrian Horia Dediu and
               Carlos Mart\'{\i}n-Vide and
               Bianca Truthe and
               Miguel A. Vega-Rodr\'{\i}guez},
  title     = {Theory and Practice of Natural Computing - Second International
               Conference, TPNC 2013, C{\'a}ceres, Spain, December 3-5,
               2013, Proceedings},
  booktitle = {TPNC},
  publisher = {Springer},
  series    = {Lecture Notes in Computer Science},
  volume    = {8273},
  year      = {2013},
  isbn      = {978-3-642-45007-5},
  ee        = {http://dx.doi.org/10.1007/978-3-642-45008-2},
  bibsource = {DBLP, http://dblp.uni-trier.de}
}

@inproceedings{DBLP:conf/lion/LaredoDFGB13,
  author    = {Juan Lu\'{\i}s Jim{\'e}nez Laredo and
               Bernab{\'e} Dorronsoro D\'{\i}az and
               Carlos Fernandes and
               Juan Juli{\'a}n Merelo Guerv{\'o}s and
               Pascal Bouvry},
  title     = {Oversized Populations and Cooperative Selection: Dealing
               with Massive Resources in Parallel Infrastructures},
  booktitle = {LION},
  year      = {2013},
  pages     = {444-449},
  ee        = {http://dx.doi.org/10.1007/978-3-642-44973-4_47},
  crossref  = {DBLP:conf/lion/2013},
  bibsource = {DBLP, http://dblp.uni-trier.de}
}



@inproceedings{DBLP:conf/lion/GuervosMCF13,
  author    = {Juan Juli{\'a}n Merelo Guerv{\'o}s and
               Antonio Miguel Mora and
               Carlos Cotta and
               Antonio J. Fern{\'a}ndez-Leiva},
  title     = {Finding an Evolutionary Solution to the Game of Mastermind
               with Good Scaling Behavior},
  booktitle = {LION},
  year      = {2013},
  pages     = {288-293},
  ee        = {http://dx.doi.org/10.1007/978-3-642-44973-4_31},
  crossref  = {DBLP:conf/lion/2013},
  bibsource = {DBLP, http://dblp.uni-trier.de}
}


@proceedings{DBLP:conf/lion/2013,
  editor    = {Giuseppe Nicosia and
               Panos M. Pardalos},
  title     = {Learning and Intelligent Optimization - 7th International
               Conference, LION 7, Catania, Italy, January 7-11, 2013,
               Revised Selected Papers},
  booktitle = {LION},
  publisher = {Springer},
  series    = {Lecture Notes in Computer Science},
  volume    = {7997},
  year      = {2013},
  isbn      = {978-3-642-44972-7},
  ee        = {http://dx.doi.org/10.1007/978-3-642-44973-4},
  bibsource = {DBLP, http://dblp.uni-trier.de}
}

@inproceedings{DBLP:conf/gecco/CruzGGC13,
  author    = {J. Albert Cruz and
               Juan Juli{\'a}n Merelo Guerv{\'o}s and
               Antonio Mora Garc\'{\i}a and
               Paloma de las Cuevas},
  title     = {Adapting evolutionary algorithms to the concurrent functional
               language Erlang},
  booktitle = {GECCO (Companion)},
  year      = {2013},
  pages     = {1723-1724},
  ee        = {http://doi.acm.org/10.1145/2464576.2480782},
  crossref  = {DBLP:conf/gecco/2013c},
  bibsource = {DBLP, http://dblp.uni-trier.de}
}

@proceedings{DBLP:conf/gecco/2013c,
  editor    = {Christian Blum and
               Enrique Alba},
  title     = {Genetic and Evolutionary Computation Conference, GECCO '13,
               Amsterdam, The Netherlands, July 6-10, 2013, Companion Material
               Proceedings},
  booktitle = {GECCO (Companion)},
  publisher = {ACM},
  year      = {2013},
  isbn      = {978-1-4503-1964-5},
  ee        = {http://dl.acm.org/citation.cfm?id=2464576},
  bibsource = {DBLP, http://dblp.uni-trier.de}
}

@inproceedings{DBLP:conf/gecco/ValdezMTVRM13,
  author    = {Mario Garc\'{\i}a Valdez and
               Juan Juli{\'a}n Merelo Guerv{\'o}s and
               Leonardo Trujillo and
               Francisco Fern{\'a}ndez de Vega and
               Jos{\'e} C. Romero and
               Alejandra Mancilla},
  title     = {EvoSpace-i: a framework for interactive evolutionary algorithms},
  booktitle = {GECCO (Companion)},
  year      = {2013},
  pages     = {1301-1308},
  ee        = {http://doi.acm.org/10.1145/2464576.2482709},
  crossref  = {DBLP:conf/gecco/2013c},
  bibsource = {DBLP, http://dblp.uni-trier.de}
}

@inproceedings{DBLP:conf/gecco/GuervosCGE13,
  author    = {Juan Juli{\'a}n Merelo Guerv{\'o}s and
               Pedro A. Castillo and
               Antonio Mora Garc\'{\i}a and
               Anna Isabel Esparcia-Alc{\'a}zar},
  title     = {Improving evolutionary solutions to the game of mastermind
               using an entropy-based scoring method},
  booktitle = {GECCO},
  year      = {2013},
  pages     = {829-836},
  ee        = {http://doi.acm.org/10.1145/2463372.2463473},
  crossref  = {DBLP:conf/gecco/2013},
  bibsource = {DBLP, http://dblp.uni-trier.de}
}

@proceedings{DBLP:conf/gecco/2013,
  editor    = {Christian Blum and
               Enrique Alba},
  title     = {Genetic and Evolutionary Computation Conference, GECCO '13,
               Amsterdam, The Netherlands, July 6-10, 2013},
  booktitle = {GECCO},
  publisher = {ACM},
  year      = {2013},
  isbn      = {978-1-4503-1963-8},
  ee        = {http://dl.acm.org/citation.cfm?id=2463372},
  bibsource = {DBLP, http://dblp.uni-trier.de}
}

@inproceedings{DBLP:conf/gecco/FernandesGLCR13,
  author    = {Carlos M. Fernandes and
               Juan Juli{\'a}n Merelo Guerv{\'o}s and
               Juan Lu\'{\i}s Jim{\'e}nez Laredo and
               Carlos Cotta and
               Agostinho C. Rosa},
  title     = {Partially connected topologies for particle swarm},
  booktitle = {GECCO (Companion)},
  year      = {2013},
  pages     = {11-12},
  ee        = {http://doi.acm.org/10.1145/2464576.2464586},
  crossref  = {DBLP:conf/gecco/2013c},
  bibsource = {DBLP, http://dblp.uni-trier.de}
}

@inproceedings{DBLP:conf/foci/GuervosMCR13,
  author    = {Juan Juli{\'a}n Merelo Guerv{\'o}s and
               Antonio Miguel Mora and
               Carlos Cotta and
               Nuria Rico},
  title     = {Influence of selective pressure on quality of solutions
               and speed of evolutionary mastermind},
  booktitle = {FOCI},
  year      = {2013},
  pages     = {122-129},
  ee        = {http://dx.doi.org/10.1109/FOCI.2013.6602464},
  crossref  = {DBLP:conf/foci/2013},
  bibsource = {DBLP, http://dblp.uni-trier.de}
}

@proceedings{DBLP:conf/foci/2013,
  title     = {IEEE Symposium on Foundations of Computational Intelligence,
               FOCI 2013, Singapore, Singapore, April 16-19, 2013},
  booktitle = {FOCI},
  publisher = {IEEE},
  year      = {2013},
  ee        = {http://ieeexplore.ieee.org/xpl/mostRecentIssue.jsp?punumber=6588679},
  bibsource = {DBLP, http://dblp.uni-trier.de}
}

@inproceedings{DBLP:conf/cec/Esparcia-AlcazarMGGM13,
  author    = {Anna Isabel Esparcia-Alc{\'a}zar and
               Ana\'{\i}s Mart\'{\i}nez-Garc\'{\i}a and
               Pablo Garc\'{\i}a-S{\'a}nchez and
               Juan Juli{\'a}n Merelo Guerv{\'o}s and
               Antonio Miguel Mora},
  title     = {Towards a multiobjective evolutionary approach to inventory
               and routing management in a retail chain},
  booktitle = {IEEE Congress on Evolutionary Computation},
  year      = {2013},
  pages     = {3166-3173},
  ee        = {http://dx.doi.org/10.1109/CEC.2013.6557957},
  crossref  = {DBLP:conf/cec/2013},
  bibsource = {DBLP, http://dblp.uni-trier.de}
}

@proceedings{DBLP:conf/cec/2013,
  title     = {Proceedings of the IEEE Congress on Evolutionary Computation,
               CEC 2013, Cancun, Mexico, June 20-23, 2013},
  booktitle = {IEEE Congress on Evolutionary Computation},
  publisher = {IEEE},
  year      = {2013},
  isbn      = {978-1-4799-0452-5, 978-1-4799-0453-2},
  ee        = {http://ieeexplore.ieee.org/xpl/mostRecentIssue.jsp?punumber=6552460},
  bibsource = {DBLP, http://dblp.uni-trier.de}
}

@inproceedings{DBLP:conf/cec/TrujilloVVG13,
  author    = {Leonardo Trujillo and
               Mario Garc\'{\i}a Valdez and
               Francisco Fern{\'a}ndez de Vega and
               Juan Juli{\'a}n Merelo Guerv{\'o}s},
  title     = {Fireworks: Evolutionary art project based on EvoSpace-interactive},
  booktitle = {IEEE Congress on Evolutionary Computation},
  year      = {2013},
  pages     = {2871-2878},
  ee        = {http://dx.doi.org/10.1109/CEC.2013.6557918},
  crossref  = {DBLP:conf/cec/2013},
  bibsource = {DBLP, http://dblp.uni-trier.de}
}

@inproceedings{DBLP:conf/cec/FernandesRLCG13,
  author    = {Carlos M. Fernandes and
               Agostinho C. Rosa and
               Juan Lu\'{\i}s Jim{\'e}nez Laredo and
               Carlos Cotta and
               Juan Juli{\'a}n Merelo Guerv{\'o}s},
  title     = {A study on time-varying partially connected topologies for
               the particle swarm},
  booktitle = {IEEE Congress on Evolutionary Computation},
  year      = {2013},
  pages     = {2450-2456},
  ee        = {http://dx.doi.org/10.1109/CEC.2013.6557863},
  crossref  = {DBLP:conf/cec/2013},
  bibsource = {DBLP, http://dblp.uni-trier.de}
}

@inproceedings{DBLP:conf/cec/GuervosMCCV13,
  author    = {Juan Juli{\'a}n Merelo Guerv{\'o}s and
               Antonio Miguel Mora and
               Pedro A. Castillo and
               Carlos Cotta and
               Mario Garc\'{\i}a Valdez},
  title     = {A search for scalable evolutionary solutions to the game
               of MasterMind},
  booktitle = {IEEE Congress on Evolutionary Computation},
  year      = {2013},
  pages     = {2298-2305},
  ee        = {http://dx.doi.org/10.1109/CEC.2013.6557843},
  crossref  = {DBLP:conf/cec/2013},
  bibsource = {DBLP, http://dblp.uni-trier.de}
}

@inproceedings{DBLP:conf/cec/ValdezMTGV13,
  author    = {Mario Garc\'{\i}a Valdez and
               Alejandra Mancilla and
               Leonardo Trujillo and
               Juan Juli{\'a}n Merelo Guerv{\'o}s and
               Francisco Fern{\'a}ndez de Vega},
  title     = {Is there a free lunch for cloud-based evolutionary algorithms?},
  booktitle = {IEEE Congress on Evolutionary Computation},
  year      = {2013},
  pages     = {1255-1262},
  ee        = {http://dx.doi.org/10.1109/CEC.2013.6557709},
  crossref  = {DBLP:conf/cec/2013},
  bibsource = {DBLP, http://dblp.uni-trier.de}
}

@article{DBLP:journals/nc/GuervosACLV13,
  author    = {Juan Juli{\'a}n Merelo Guerv{\'o}s and
               Maribel Garc\'{\i}a Arenas and
               David Corne and
               Juan Lu\'{\i}s Jim{\'e}nez Laredo and
               Francisco Fern{\'a}ndez de Vega},
  title     = {Preface},
  journal   = {Natural Computing},
  volume    = {12},
  number    = {2},
  year      = {2013},
  pages     = {133-134},
  ee        = {http://dx.doi.org/10.1007/s11047-013-9371-z},
  bibsource = {DBLP, http://dblp.uni-trier.de}
}

@data{b3adfd2f-0604-4c67-babf-1f6117b73916,
  doi = {10.6084/m9.figshare.966600},
  url = {http://dx.doi.org/10.6084/m9.figshare.966600},
  author = {Juan Julián Merelo Guervós; Fernando Tricas garcía; },
  publisher = {Figshare},
  title = {Resumen de respuestas de uso de WhatsApp en clase},
  year = {2014}
}

@TechReport{nodeo2014,
annote = {A node.js evolutionary algorithm library},
author = {Merelo Guerv\'{o}s, Juan Juli\'{a}n},
doi = {doi:10.6084/m9.figshare.972892},
keywords = {evolutionary algorithms},
mendeley-tags = {evolutionary algorithms},
 publisher = {Figshare},
month = mar,
title = {{NodEO}, a evolutionary algorithm library in Node},
url = {http://figshare.com/articles/nodeo/972892},
year = {2014}
}

@data{figshare:nodeo,
  doi = {10.6084/m9.figshare.972892},
  url = {http://dx.doi.org/10.6084/m9.figshare.972892},
  author = {Juan Julián Merelo Guervós; },
  publisher = {Figshare},
  title = {ModEO},
  year = {2014}
}

@ARTICLE{2014arXiv1403.3084G,
   author = {{Garc{\'{\i}}a-Ortega}, R.~H. and {Garc{\'{\i}}a-S{\'a}nchez}, P. and 
	{Merelo}, J.~J.},
    title = "{Emerging archetypes in massive artificial societies for literary purposes using genetic algorithms}",
  journal = {ArXiv e-prints},
archivePrefix = "arXiv",
   eprint = {1403.3084},
 primaryClass = "cs.AI",
 keywords = {Computer Science - Artificial Intelligence},
     year = 2014,
    month = mar,
   adsurl = {http://adsabs.harvard.edu/abs/2014arXiv1403.3084G},
  adsnote = {Provided by the SAO/NASA Astrophysics Data System}
}

@techreport{wilcoxon:ga,
  doi = {10.6084/m9.figshare.974598},
  url = {http://dx.doi.org/10.6084/m9.figshare.974598},
  author = {Juan Julián Merelo Guervós; },
  publisher = {Figshare},
  title = {Using a Wilcoxon-test based partial order for selection in evolutionary algorithms with noisy fitness},
institution = {GeNeura group, university of Granada},
  year = {2014}
}