@InProceedings{merelo88,
  author = 	 {J. J. Merelo and J. C. Torres and A. Prieto},
  title = 	 {Algorithms and Structures in Symbolic computing},
  booktitle = 	 {Procs. Mini and Microcomputers and their Applications, MIMI '88},
  year =	 1988,
  editor =	 {Emilio Luque},
  organization = {ISMM}
}
